@Article{aspvall_2satlin,
  author =	"Aspvall and Plass and Tarjan",
  title =	"A Linear-Time Algorithm for Testing the Truth of
		 Certain Quantified Boolean Formulas",
  journal =	"IPL: Information Processing Letters",
  volume =	"8",
  year = 	"1979",
}