@Book{arora,
  author =	"Sanjeev Arora and Boaz Barak",
  title =	"Computational Complexity: {A} Modern Approach",
  publisher =	"Cambridge University Press",
  year = 	"2009",
}
@Book{strang,
  author =	"Gilbert Strang",
  title =	"Linear Algebra",
  publisher =	"~",
  year = 	"~",
}

@Article{hastad,
  author =	"J. H\.astad",
  title =	"Some optimal inapproximability results",
  year = 	"2001",
  journal =	"Journal of the ACM",
  volume =	"48",
  number =	"4",
  pages =	"798--859",
}

@Article{goemans1,
  author =	"Michel X. Goemans and David P. Williamson",
  title =	"Improved Approximation Algorithms for Maximum Cut and
		 Satisfiability Problems Using Semidefinite
		 Programming",
  journal =	"Journal of the ACM",
  volume =	"42",
  number =	"6",
  year = 	"1995",
  pages =	"1115--1145",
}