%% This BibTeX bibliography file was created using BibDesk.
%% http://bibdesk.sourceforge.net/


%% Created for Thomas Colcombet at 2021-06-02 10:21:23 +0200 


%% Saved with string encoding Unicode (UTF-8) 



@inproceedings{Etessami99,
	author = {Kousha Etessami},
	booktitle = {Computer Aided Verification, 11th International Conference, {CAV} '99, Trento, Italy, July 6-10, 1999, Proceedings},
	date-added = {2021-06-02 10:21:01 +0200},
	date-modified = {2021-06-02 10:21:15 +0200},
	doi = {10.1007/3-540-48683-6\_22},
	editor = {Nicolas Halbwachs and Doron A. Peled},
	pages = {236--248},
	publisher = {Springer},
	series = {Lecture Notes in Computer Science},
	title = {Stutter-Invariant Languages, omega-Automata, and Temporal Logic},
	url = {https://doi.org/10.1007/3-540-48683-6\_22},
	volume = {1633},
	year = {1999},
	Bdsk-Url-1 = {https://doi.org/10.1007/3-540-48683-6%5C_22}}

@article{BedonBCR10,
	author = {Nicolas Bedon and Alexis B{\`{e}}s and Olivier Carton and Chloe Rispal},
	date-added = {2021-06-02 09:10:33 +0200},
	date-modified = {2021-06-02 09:10:33 +0200},
	doi = {10.1007/s00224-009-9222-6},
	journal = {Theory Comput. Syst.},
	number = {4},
	pages = {737--760},
	title = {Logic and Rational Languages of Words Indexed by Linear Orderings},
	url = {http://dx.doi.org/10.1007/s00224-009-9222-6},
	volume = {46},
	year = {2010},
	Bdsk-Url-1 = {http://dx.doi.org/10.1007/s00224-009-9222-6}}

@article{Wilke93a,
	author = {Wilke, Thomas},
	date-added = {2021-06-02 09:09:09 +0200},
	date-modified = {2021-06-02 09:09:09 +0200},
	journal = {Int. J. Alg. Comput.},
	pages = {447-489},
	title = {An algebraic theory for regular languages of finite and infinite words},
	volume = {3},
	year = {1993}}

@article{Trakhtenbrot62,
	author = {Trakhtenbrot, Boris A.},
	date-added = {2021-06-02 09:08:31 +0200},
	date-modified = {2021-06-02 09:08:31 +0200},
	journal = {Siberian Math. J},
	pages = {103-131},
	title = {Finite automata and monadic second order logic (Russian)},
	volume = {3},
	year = {1962}}

@inproceedings{Kleene56,
	author = {Kleene, Stephen C.},
	booktitle = {Automata Studies},
	date-added = {2021-06-02 09:07:53 +0200},
	date-modified = {2021-06-02 09:07:53 +0200},
	editor = {Shannon, Claude E. and McCarthy, John},
	pages = {3-42},
	publisher = {Princeton University Press, Princeton, New Jersey},
	title = {Representation of Events in nerve nets and finite automata},
	year = {1956}}

@inproceedings{Colcombet11-green,
	abstract = {
		The objective of this survey is to present the ideal theory of
		monoids, the so-called Green's relations, and to illustrate the usefulness
		of this tool for solving automata related questions.
		We use Green's relations for proving four classical results related to automata
		theory: The result of Schutzenberger characterizing star-free languages,
		the theorem of factorization forests of Simon, the characterization
		of infinite words of decidable monadic theory due to Semenov,
		and the result of determinization of automata over infinite words of
		Mc-Naughton.
	},
	author = {Thomas Colcombet},
	booktitle = {LATA},
	date-added = {2021-06-02 09:06:28 +0200},
	date-modified = {2021-06-02 09:06:45 +0200},
	editor = {Adrian Horia Dediu and Shunsuke Inenaga and Carlos Mart\'{\i}n-Vide},
	note = {Invited lecture.},
	pages = {1-21},
	pdf = {Publications/LATA11_colcombet.pdf},
	publisher = springer,
	series = lncs,
	title = {{G}reen's Relations and their Use in Automata Theory},
	volume = {6638},
	year = {2011},
	Bdsk-File-1 = {YnBsaXN0MDDSAQIDBFxyZWxhdGl2ZVBhdGhZYWxpYXNEYXRhXxBILi4vLi4vLi4vLi4vT2xkdHJhdmFpbC9XZWIvcHVibGljX2h0bWwvUHVibGljYXRpb25zL0xBVEExMS1jb2xjb21iZXQucGRmTxEB6AAAAAAB6AACAAAMTWFjaW50b3NoIEhEAAAAAAAAAAAAAAAAAAAAz9RG5kgrAAABa5BFFExBVEExMS1jb2xjb21iZXQucGRmAAAAAAAAAAAAAAAAAAAAAAAAAAAAAAAAAAAAAAAAAAAAAAAAAAAAAAAAAAFrkG/U8tGQAAAAAAAAAAAABAAFAAAJIAAAAAAAAAAAAAAAAAAAAAxQdWJsaWNhdGlvbnMAEAAIAADP1CrGAAAAEQAIAADU8sOAAAAAAQAYAWuQRQFrjlQAYIrmAF3kLQAJNtAAAmb5AAIAXk1hY2ludG9zaCBIRDpVc2VyczoAY29sY29tYmU6AE9sZHRyYXZhaWw6AFdlYjoAcHVibGljX2h0bWw6AFB1YmxpY2F0aW9uczoATEFUQTExLWNvbGNvbWJldC5wZGYADgAqABQATABBAFQAQQAxADEALQBjAG8AbABjAG8AbQBiAGUAdAAuAHAAZABmAA8AGgAMAE0AYQBjAGkAbgB0AG8AcwBoACAASABEABIAS1VzZXJzL2NvbGNvbWJlL09sZHRyYXZhaWwvV2ViL3B1YmxpY19odG1sL1B1YmxpY2F0aW9ucy9MQVRBMTEtY29sY29tYmV0LnBkZgAAEwABLwAAFQACAA///wAAAAgADQAaACQAbwAAAAAAAAIBAAAAAAAAAAUAAAAAAAAAAAAAAAAAAAJb}}

@inproceedings{Bojanczyk15monads,
	author = {Miko{\l}aj Boja{\'{n}}czyk},
	booktitle = {Developments in Language Theory - 19th International Conference, {DLT} 2015, Liverpool, UK, July 27-30, 2015, Proceedings.},
	date-added = {2021-06-02 09:04:16 +0200},
	date-modified = {2021-06-02 09:04:16 +0200},
	doi = {10.1007/978-3-319-21500-6_1},
	pages = {1--13},
	title = {Recognisable Languages over Monads},
	year = {2015},
	Bdsk-Url-1 = {http://dx.doi.org/10.1007/978-3-319-21500-6_1}}

@inproceedings{Wilke91,
	author = {Wilke, Thomas},
	booktitle = {ICALP 91: Automata, Languages and Programming, 18th International Colloquium},
	date-added = {2021-06-02 09:02:35 +0200},
	date-modified = {2021-06-02 09:02:35 +0200},
	pages = {588--599},
	publisher = SPRINGER,
	series = LNCS,
	title = {An {E}ilenberg theorem for $\infty$-languages},
	volume = {510},
	year = {1991}}

@inproceedings{Wilke93b,
	author = {Wilke, Thomas},
	booktitle = {S{TACS} 1993: 10th {I}nternational {S}ymposium on {T}heoretical {A}spects of {C}omputer {S}cience},
	date-added = {2021-06-02 09:02:35 +0200},
	date-modified = {2021-06-02 09:02:35 +0200},
	editor = {Patrice Enjalbert and Alain Finkel and Klaus W. Wagner},
	pages = {607-616},
	publisher = springer,
	series = lncs,
	title = {Locally threshold testable languages of infinite words},
	volume = {665},
	year = {1993}}

@article{Shelah75,
	author = {Shelah, Saharon},
	date-added = {2021-06-02 09:01:10 +0200},
	date-modified = {2021-06-02 09:01:10 +0200},
	fjournal = {Annals of Mathematics. Second Series},
	issn = {0003-486X},
	journal = {Ann. of Math. (2)},
	mrclass = {02G05 (02H10)},
	mrnumber = {0491120 (58 \#10390)},
	mrreviewer = {Andreas Blass},
	number = {3},
	pages = {379--419},
	title = {The monadic theory of order},
	volume = {102},
	year = {1975}}

@article{GurevichShelah79I,
	author = {Yuri Gurevich},
	date-added = {2021-06-02 09:00:05 +0200},
	date-modified = {2021-06-02 09:00:05 +0200},
	journal = {J. Symb. Log.},
	number = {4},
	pages = {481-490},
	title = {Modest Theory of Short Chains. I},
	volume = {44},
	year = {1979},
	Bdsk-File-1 = {YnBsaXN0MDDSAQIDBFxyZWxhdGl2ZVBhdGhZYWxpYXNEYXRhXxAtLi4vLlRyYXNoL01vZGVzdCBUaGVvcnkgb2YgU2hvcnQgQ2hhaW5zIEkucGRmTxEB1gAAAAAB1gACAAAMTWFjaW50b3NoIEhEAAAAAAAAAAAAAAAAAAAAyjyNI0grAAAAE8XeH01vZGVzdCBUaGVvcnkgb2YgU2hvciM1Q0JGRC5wZGYAAAAAAAAAAAAAAAAAAAAAAAAAAAAAAAAAAAAAAAAAAAAFy/3KqlmuAAAAAAAAAAAAAQACAAAJIAAAAAAAAAAAAAAAAAAAAAYuVHJhc2gAEAAIAADKPHEDAAAAEQAIAADKqj2OAAAAAQAMABPF3gAFAP4AAL8xAAIATE1hY2ludG9zaCBIRDpVc2VyczoAdGhvbWFzY29sY29tYmV0OgAuVHJhc2g6AE1vZGVzdCBUaGVvcnkgb2YgU2hvciM1Q0JGRC5wZGYADgBIACMATQBvAGQAZQBzAHQAIABUAGgAZQBvAHIAeQAgAG8AZgAgAFMAaABvAHIAdAAgAEMAaABhAGkAbgBzACAASQAuAHAAZABmAA8AGgAMAE0AYQBjAGkAbgB0AG8AcwBoACAASABEABIAQFVzZXJzL3Rob21hc2NvbGNvbWJldC8uVHJhc2gvTW9kZXN0IFRoZW9yeSBvZiBTaG9ydCBDaGFpbnMgSS5wZGYAEwABLwAAFQACABb//wAAAAgADQAaACQAVAAAAAAAAAIBAAAAAAAAAAUAAAAAAAAAAAAAAAAAAAIu}}

@article{GurevichShelah79II,
	author = {Yuri Gurevich and Saharon Shelah},
	date-added = {2021-06-02 09:00:05 +0200},
	date-modified = {2021-06-02 09:00:05 +0200},
	journal = {J. Symb. Log.},
	number = {4},
	pages = {491-502},
	title = {Modest Theory of Short Chains. II},
	volume = {44},
	year = {1979},
	Bdsk-File-1 = {YnBsaXN0MDDSAQIDBFxyZWxhdGl2ZVBhdGhZYWxpYXNEYXRhXxCyLi4vTGlicmFyeS9NYWlsL1YyL0lNQVAtY29sY29tYmVAaW1hcHMubGlhZmEuanVzc2lldS5mci9NYWlsLm1ib3gvc2VudC5tYm94LzI1MTRENjhFLTUyODQtNDZENS05QzBFLThFQzE1RDU2OUY4Ny9EYXRhLzAvMS9BdHRhY2htZW50cy8xMDQyNi8zL01vZGVzdCBUaGVvcnkgb2YgU2hvcnQgQ2hhaW5zIElJLnBkZk8RAxAAAAAAAxAAAgAADE1hY2ludG9zaCBIRAAAAAAAAAAAAAAAAAAAAMo8jSNIKwAAAAXL/x9Nb2Rlc3QgVGhlb3J5IG9mIFNob3IjNUNDMDAucGRmAAAAAAAAAAAAAAAAAAAAAAAAAAAAAAAAAAAAAAAAAAAABcwAyqpZrgAAAAAAAAAAAAEADgAACSAAAAAAAAAAAAAAAAAAAAABMwAAEAAIAADKPHEDAAAAEQAIAADKqj2OAAAAAQA8AAXL/wAFy/sABaL5AAWiXAAFolsABZVSAAWVUQAFlH8ABVcrAAUJmQAFCP4ABQj9AAUBkQAFAP4AAL8xAAIA0k1hY2ludG9zaCBIRDpVc2VyczoAdGhvbWFzY29sY29tYmV0OgBMaWJyYXJ5OgBNYWlsOgBWMjoASU1BUC1jb2xjb21iZUBpbWFwcy5saSM1MDk5OS5mcjoATWFpbC5tYm94OgBTZW50Lm1ib3g6ADI1MTRENjhFLTUyODQtNDZENS05QzBFLTgjNTk1NTE6AERhdGE6ADA6ADE6AEF0dGFjaG1lbnRzOgAxMDQyNjoAMzoATW9kZXN0IFRoZW9yeSBvZiBTaG9yIzVDQzAwLnBkZgAOAEoAJABNAG8AZABlAHMAdAAgAFQAaABlAG8AcgB5ACAAbwBmACAAUwBoAG8AcgB0ACAAQwBoAGEAaQBuAHMAIABJAEkALgBwAGQAZgAPABoADABNAGEAYwBpAG4AdABvAHMAaAAgAEgARAASAMVVc2Vycy90aG9tYXNjb2xjb21iZXQvTGlicmFyeS9NYWlsL1YyL0lNQVAtY29sY29tYmVAaW1hcHMubGlhZmEuanVzc2lldS5mci9NYWlsLm1ib3gvc2VudC5tYm94LzI1MTRENjhFLTUyODQtNDZENS05QzBFLThFQzE1RDU2OUY4Ny9EYXRhLzAvMS9BdHRhY2htZW50cy8xMDQyNi8zL01vZGVzdCBUaGVvcnkgb2YgU2hvcnQgQ2hhaW5zIElJLnBkZgAAEwABLwAAFQACABb//wAAAAgADQAaACQA2QAAAAAAAAIBAAAAAAAAAAUAAAAAAAAAAAAAAAAAAAPt}}

@article{Buchi60,
	author = {B{\"u}chi, J. Richard},
	date-added = {2021-06-02 08:59:06 +0200},
	date-modified = {2021-06-02 08:59:06 +0200},
	fjournal = {Zeitschrift f\"ur Mathematische Logik und Grundlagen der Mathematik},
	journal = {Z. Math. Logik Grundlagen Math.},
	pages = {66--92},
	title = {Weak second-order arithmetic and finite automata},
	volume = {6},
	year = {1960}}

@incollection{Buchi62,
	address = {Stanford, Calif.},
	author = {B{\"u}chi, J. Richard},
	booktitle = {Logic, {M}ethodology and {P}hilosophy of {S}cience ({P}roc. 1960 {I}nternat. {C}ongr .)},
	date-added = {2021-06-02 08:58:42 +0200},
	date-modified = {2021-06-02 08:58:42 +0200},
	pages = {1--11},
	publisher = {Stanford Univ. Press},
	title = {On a decision method in restricted second order arithmetic},
	year = {1962}}

@article{RabinScott59,
	author = {Rabin, Michael O. and Scott, Dana},
	date-added = {2021-06-02 08:58:22 +0200},
	date-modified = {2021-06-02 08:58:22 +0200},
	journal = {IBM J. Res. and Develop.},
	month = apr,
	pages = {114--125},
	title = {Finite automata and their decision problems},
	volume = 3,
	year = {1959},
	Bdsk-File-1 = {YnBsaXN0MDDSAQIDBFxyZWxhdGl2ZVBhdGhZYWxpYXNEYXRhXxA3Li4vLi4vLi4vLi4vT2xkdHJhdmFpbC9NZW1vcy9QYXBpZXJzL3JhYmluX3Njb3R0XzU5LnBkZk8RAbgAAAAAAbgAAgAADE1hY2ludG9zaCBIRAAAAAAAAAAAAAAAAAAAAM/URuZIKwAAAGDY7xJyYWJpbl9zY290dF81OS5wZGYAAAAAAAAAAAAAAAAAAAAAAAAAAAAAAAAAAAAAAAAAAAAAAAAAAAAAAAAAAAAAYNmF0MzVWwAAAAAAAAAAAAQABAAACSAAAAAAAAAAAAAAAAAAAAAHUGFwaWVycwAAEAAIAADP1CrGAAAAEQAIAADQzMdLAAAAAQAUAGDY7wBg2MkAXeQtAAk20AACZvkAAgBMTWFjaW50b3NoIEhEOlVzZXJzOgBjb2xjb21iZToAT2xkdHJhdmFpbDoATWVtb3M6AFBhcGllcnM6AHJhYmluX3Njb3R0XzU5LnBkZgAOACYAEgByAGEAYgBpAG4AXwBzAGMAbwB0AHQAXwA1ADkALgBwAGQAZgAPABoADABNAGEAYwBpAG4AdABvAHMAaAAgAEgARAASADpVc2Vycy9jb2xjb21iZS9PbGR0cmF2YWlsL01lbW9zL1BhcGllcnMvcmFiaW5fc2NvdHRfNTkucGRmABMAAS8AABUAAgAP//8AAAAIAA0AGgAkAF4AAAAAAAACAQAAAAAAAAAFAAAAAAAAAAAAAAAAAAACGg==}}

@article{Schutzenberger56semi,
	author = {Sch{\"u}tzenberger, Marcel-Paul},
	date-added = {2021-06-02 08:56:04 +0200},
	date-modified = {2021-06-02 08:56:14 +0200},
	journal = {{IRE} Trans. Inf. Theory},
	keywords = {semigroups, syntactic semigroup},
	number = {3},
	pages = {47 -60},
	title = {On an application of semigroups methods to some problems in coding},
	volume = {2},
	year = {1956},
	Bdsk-File-1 = {YnBsaXN0MDDSAQIDBFxyZWxhdGl2ZVBhdGhZYWxpYXNEYXRhXxA5Li4vLi4vLi4vLi4vT2xkdHJhdmFpbC9NZW1vcy9QYXBpZXJzL1NjaHV0emVuYmVyZ2VyNTYucGRmTxEBwAAAAAABwAACAAAMTWFjaW50b3NoIEhEAAAAAAAAAAAAAAAAAAAAz9RG5kgrAAAAYNjvFFNjaHV0emVuYmVyZ2VyNTYucGRmAAAAAAAAAAAAAAAAAAAAAAAAAAAAAAAAAAAAAAAAAAAAAAAAAAAAAAAAAABg2ajQzNVcAAAAAAAAAAAABAAEAAAJIAAAAAAAAAAAAAAAAAAAAAdQYXBpZXJzAAAQAAgAAM/UKsYAAAARAAgAANDMx0wAAAABABQAYNjvAGDYyQBd5C0ACTbQAAJm+QACAE5NYWNpbnRvc2ggSEQ6VXNlcnM6AGNvbGNvbWJlOgBPbGR0cmF2YWlsOgBNZW1vczoAUGFwaWVyczoAU2NodXR6ZW5iZXJnZXI1Ni5wZGYADgAqABQAUwBjAGgAdQB0AHoAZQBuAGIAZQByAGcAZQByADUANgAuAHAAZABmAA8AGgAMAE0AYQBjAGkAbgB0AG8AcwBoACAASABEABIAPFVzZXJzL2NvbGNvbWJlL09sZHRyYXZhaWwvTWVtb3MvUGFwaWVycy9TY2h1dHplbmJlcmdlcjU2LnBkZgATAAEvAAAVAAIAD///AAAACAANABoAJABgAAAAAAAAAgEAAAAAAAAABQAAAAAAAAAAAAAAAAAAAiQ=}}

@book{PerrinPin04,
	author = {Dominique Perrin and Jean{-}Eric Pin},
	bibsource = {dblp computer science bibliography, https://dblp.org},
	biburl = {https://dblp.org/rec/books/daglib/0016866.bib},
	date-added = {2021-06-02 08:47:19 +0200},
	date-modified = {2021-06-02 08:47:48 +0200},
	isbn = {978-0-12-532111-2},
	publisher = {Elsevier Morgan Kaufmann},
	series = {Pure and applied mathematics series},
	timestamp = {Mon, 15 Jul 2019 16:26:46 +0200},
	title = {Infinite words - automata, semigroups, logic and games},
	volume = {141},
	year = {2004}}

@incollection{PerrinPin95,
	author = {Perrin, Dominique and Pin, Jean-{\'E}ric},
	booktitle = {NATO Advanced Study Institute Semigroups, Formal Languages and Groups},
	date-added = {2021-06-02 08:43:31 +0200},
	date-modified = {2021-06-02 08:43:31 +0200},
	editor = {Fountain, J.},
	pages = {49--72},
	publisher = {Kluwer academic publishers},
	title = {Semigroups and automata on infinite words},
	year = {1995}}

@article{CartonColcombetPuppis18,
	author = {Olivier Carton and Thomas Colcombet and Gabriele Puppis},
	bibsource = {dblp computer science bibliography, https://dblp.org},
	biburl = {https://dblp.org/rec/journals/jsyml/CartonCP18.bib},
	date-added = {2020-12-14 09:01:41 +0100},
	date-modified = {2020-12-14 09:02:05 +0100},
	doi = {10.1017/jsl.2018.7},
	journal = {J. Symb. Log.},
	number = {3},
	pages = {1147--1189},
	timestamp = {Fri, 27 Dec 2019 21:18:29 +0100},
	title = {An Algebraic Approach to MSO-Definability on Countable linear Orderings},
	url = {https://doi.org/10.1017/jsl.2018.7},
	volume = {83},
	year = {2018},
	Bdsk-Url-1 = {https://doi.org/10.1017/jsl.2018.7}}

@article{McNaughton66,
	author = {McNaughton, Robert},
	date-added = {2015-02-16 14:38:45 +0000},
	date-modified = {2015-02-16 14:38:45 +0000},
	journal = {Information and Control},
	pages = {521--530},
	title = {Testing and generating infinite sequences by a finite automaton},
	volume = {9},
	year = 1966}

@incollection{Thomas97,
	author = {Thomas, Wolfgang},
	booktitle = {Handbook of Formal Languages},
	chapter = {7},
	date-added = {2015-02-16 14:03:53 +0000},
	date-modified = {2015-02-16 14:06:15 +0000},
	editor = {Rozenberg, Gregorz and Salomaa, Arto},
	pages = {389-455},
	publisher = {Springer},
	title = {Languages, Automata and Logic},
	volume = {3},
	year = {1997}}

@unpublished{BesCartonPersonal,
	author = {B{\`e}s, Alexis and Carton, Olivier},
	date-added = {2015-02-16 08:58:45 +0000},
	date-modified = {2015-02-16 08:59:41 +0000},
	note = {Personal communication},
	title = {Algebraic Characterization of {WMSO} for Scattered Linear Orderings},
	year = {2014}}

@book{McNaughtonPapert71,
	author = {McNaughton, Robert and Papert, Seymour},
	date-added = {2015-02-16 08:57:53 +0000},
	date-modified = {2015-02-16 08:57:53 +0000},
	publisher = {MIT Press},
	title = {Counter-free Automata},
	year = {1971}}

@incollection{Buchi65b,
	address = {Amsterdam},
	author = {B{\"u}chi, J. Richard},
	booktitle = {Logic, {M}ethodology and {P}hilos. {S}ci. ({P}roc. 1964 {I}nternat. {C}ongr.)},
	date-added = {2015-02-16 08:53:26 +0000},
	date-modified = {2015-02-16 08:53:26 +0000},
	mrclass = {02.88},
	mrnumber = {0210593 (35 \#1480)},
	mrreviewer = {L. C. Eggan},
	pages = {3--23},
	publisher = {North-Holland},
	title = {Transfinite automata recursions and weak second order theory of ordinals},
	year = {1965}}

@article{Buchi65a,
	author = {B{\"u}chi, J. Richard},
	date-added = {2015-02-16 08:53:22 +0000},
	date-modified = {2015-02-16 08:53:22 +0000},
	fjournal = {Bulletin of the American Mathematical Society},
	issn = {0002-9904},
	journal = {Bull. Amer. Math. Soc.},
	mrclass = {02.54},
	mrnumber = {0189997 (32 \#7413)},
	mrreviewer = {G. Asser},
	pages = {767--770},
	title = {Decision methods in the theory of ordinals},
	volume = {71},
	year = {1965}}

@inproceedings{BesCarton11,
	author = {B{\`e}s, Alexis and Carton, Olivier},
	booktitle = {CSL},
	date-added = {2015-02-16 08:50:02 +0000},
	date-modified = {2015-02-17 19:13:18 +0000},
	doi = {10.4230/LIPIcs.CSL.2011.67},
	pages = {67--81},
	publisher = {Schloss Dagstuhl - Leibniz-Zentrum fuer Informatik},
	series = {LIPIcs},
	title = {Algebraic Characterization of {FO} for Scattered Linear Orderings},
	volume = {12},
	year = {2011},
	Bdsk-Url-1 = {http://dx.doi.org/10.4230/LIPIcs.CSL.2011.67}}

@inproceedings{Colcombet13,
	author = {Thomas Colcombet},
	booktitle = {CSR},
	date-added = {2015-02-16 08:48:19 +0000},
	date-modified = {2015-02-16 08:52:35 +0000},
	pages = {Invited Paper},
	title = {Monadic Second-Order Logic and Cuts in the Backgrounds},
	year = {2013}}

@article{GurevichRabinovich00,
	author = {Yuri Gurevich and Alexander Moshe Rabinovich},
	date-added = {2015-02-16 08:48:14 +0000},
	date-modified = {2015-02-16 08:48:14 +0000},
	journal = {J. Symb. Log.},
	number = {2},
	pages = {946-958},
	title = {Definability and Undefinability with Real Order at The Background},
	volume = {65},
	year = {2000}}

@book{Pin86,
	author = {Pin, Jean-{\'E}ric},
	date-added = {2015-02-16 08:47:35 +0000},
	date-modified = {2015-02-16 08:47:35 +0000},
	publisher = {North Oxford Academic, London and Plenum, New York},
	title = {Varieties of Formal Languages},
	year = {1986}}

@book{Rosenstein,
	author = {Rosenstein J. G.},
	publisher = {Academic press},
	title = {Linear Orderings},
	year = {1982}}

@article{CartonRispal,
	author = {Rispal Chlo{\'e} and Olivier Carton},
	journal = {Int. J. of Foundations of Comp. Sc.},
	pages = {767-786},
	title = {An algebraic theory for regular languages of finite and infinite words},
	volume = {16(04)},
	year = {2005}}

@inproceedings{CartonColcombetPuppis11,
	author = {Olivier Carton and Thomas Colcombet and Gabriele Puppis},
	booktitle = {ICALP},
	date-added = {2015-02-16 08:46:39 +0000},
	date-modified = {2015-02-17 19:13:35 +0000},
	pages = {125-136},
	publisher = springer,
	series = lncs,
	title = {Regular Languages of Words over Countable Linear Orderings},
	volume = {6756},
	year = {2011},
	Bdsk-File-1 = {YnBsaXN0MDDSAQIDBFxyZWxhdGl2ZVBhdGhZYWxpYXNEYXRhXxBMLi4vLi4vLi4vLi4vV2ViL3B1YmxpY19odG1sL1B1YmxpY2F0aW9ucy9JQ0FMUDExLWNhcnRvbi1jb2xjb21iZXQtcHVwcGlzLnBkZk8RAdoAAAAAAdoAAgAADE1hY2ludG9zaCBIRAAAAAAAAAAAAAAAAAAAAAAAAABCRAAB/////x9JQ0FMUDExLWNhcnRvbi1jb2wjRkZGRkZGRkYucGRmAAAAAAAAAAAAAAAAAAAAAAAAAAAAAAAAAAAAAAAAAAD/////AAAAAAAAAAAAAAAAAAQABAAACiBjdQAAAAAAAAAAAAAAAAAMUHVibGljYXRpb25zAAIAWS86VXNlcnM6Y29sY29tYmU6VHJhdmFpbDpXZWI6cHVibGljX2h0bWw6UHVibGljYXRpb25zOklDQUxQMTEtY2FydG9uLWNvbGNvbWJldC1wdXBwaXMucGRmAAAOAEgAIwBJAEMAQQBMAFAAMQAxAC0AYwBhAHIAdABvAG4ALQBjAG8AbABjAG8AbQBiAGUAdAAtAHAAdQBwAHAAaQBzAC4AcABkAGYADwAaAAwATQBhAGMAaQBuAHQAbwBzAGgAIABIAEQAEgBXVXNlcnMvY29sY29tYmUvVHJhdmFpbC9XZWIvcHVibGljX2h0bWwvUHVibGljYXRpb25zL0lDQUxQMTEtY2FydG9uLWNvbGNvbWJldC1wdXBwaXMucGRmAAATAAEvAAAVAAIAD///AAAACAANABoAJABzAAAAAAAAAgEAAAAAAAAABQAAAAAAAAAAAAAAAAAAAlE=}}

@article{Rabin69,
	author = {Rabin, Michael O.},
	date-added = {2015-02-16 08:46:24 +0000},
	date-modified = {2015-02-16 08:46:24 +0000},
	fjournal = {Transactions of the American Mathematical Society},
	issn = {0002-9947},
	journal = {Trans. Amer. Math. Soc.},
	mrclass = {02.32},
	mrnumber = {0246760 (40 \#30)},
	mrreviewer = {Walter Oberschelp},
	pages = {1--35},
	title = {Decidability of second-order theories and automata on infinite trees.},
	volume = {141},
	year = {1969}}

@article{Schutzenberger65,
	author = {Sch{\"u}tzenberger, Marcel-Paul},
	date-added = {2015-02-16 08:45:58 +0000},
	date-modified = {2015-02-16 08:45:58 +0000},
	journal = {Information and Control},
	pages = {190--194},
	title = {On finite monoids having only trivial subgroups},
	volume = 8,
	year = 1965}
