%% This BibTeX bibliography file was created using BibDesk.
%% http://bibdesk.sourceforge.net/


%% Created for Thomas Colcombet at 2021-06-02 10:21:23 +0200 


%% Saved with string encoding Unicode (UTF-8) 

@inproceedings{gaetan,
	address = {Cham},
	author = {Bruy{\`e}re, V{\'e}ronique and P{\'e}rez, Guillermo A. and Staquet, Ga{\"e}tan},
	booktitle = {Tools and Algorithms for the Construction and Analysis of Systems},
	editor = {Fisman, Dana and Rosu, Grigore},
	isbn = {978-3-030-99524-9},
	pages = {244--262},
	publisher = {Springer International Publishing},
	title = {Learning Realtime One-Counter Automata},
	year = {2022}}

@article{esd21,
      title={Coupling threshold theory and satellite-derived channel width to estimate the formative discharge of Himalayan foreland rivers}, 
      author={Kumar Gaurav and Francois M\'etivier and A V Sreejith and Rajiv Sinha and Amit Kumar cfand Sampat Kumar Tandon},
 journal    = {Earth Surface Dynamics},
  volume       = {9},
  pages        = {47-70},
  year         = {2021},
  url          = {https://doi.org/10.5194/esurf-9-47-2021},
}

@misc{learning24,
      title={Learning real-time one-counter automata using polynomially many queries}, 
      author={Prince Mathew and Vincent Penelle and A. V. Sreejith},
      year={arXiv:2411.08815, 2024},
      volume={arXiv:2411.08815},
      archivePrefix={arXiv},
      primaryClass={cs.FL},
      url={https://arxiv.org/abs/2411.08815}, 
}

@inproceedings{dpdaequiv,
	abstract = {The equivalence problem for deterministic pushdown automata is shown to be decidable. We exhibit a complete formal system for deducing equivalent pairs of deterministic rational series on the alphabet associated with a dpda M.},
	address = {Berlin, Heidelberg},
	author = {G{\'{e}}raud S{\'{e}}nizergues},
	booktitle = {Automata, Languages and Programming},
	date-modified = {2024-05-22 17:13:24 +0530},
	editor = {Degano, Pierpaolo and Gorrieri, Roberto and Marchetti-Spaccamela, Alberto},
	isbn = {978-3-540-69194-5},
	pages = {671--681},
	publisher = {Springer Berlin Heidelberg},
	title = {The equivalence problem for deterministic pushdown automata is decidable},
	year = {1997},
}
	
@inproceedings{fsttcs23,
  author       = {Prince Mathew and
                  Vincent Penelle and
                  Prakash Saivasan and
                  A. V. Sreejith},
  title        = {Weighted One-Deterministic-Counter Automata},
  booktitle    = {43rd Annual Conference on Foundations of Software Technology
                  and Theoretical Computer Science, {FSTTCS}},
  series       = {LIPIcs},
  volume       = {284},
  pages        = {39:1--39:23},
  year         = {2023},
  url          = {https://doi.org/10.4230/LIPIcs.FSTTCS.2023.39},
  doi          = {10.4230/LIPICS.FSTTCS.2023.39},
  timestamp    = {Wed, 21 Aug 2024 22:46:00 +0200},
  biburl       = {https://dblp.org/rec/conf/fsttcs/MathewPSS23.bib},
  bibsource    = {dblp computer science bibliography, https://dblp.org}
}

@inproceedings{icla25,
  author       = {Prince Mathew and
                  Vincent Penelle and
                  Prakash Saivasan and
                  A. V. Sreejith},
  title        = {Equivalence of Deterministic Weighted Real-time One-Counter Automata},
  booktitle    = {11th Indian Conference on Logic and its Applications (ICLA)},
  year = {2025}
}

@inproceedings{icalp15,
  author       = {Thomas Colcombet and
                  A. V. Sreejith},
  title        = {Limited Set quantifiers over Countable Linear Orderings},
  booktitle    = {Automata, Languages, and Programming - 42nd International Colloquium,
                  {ICALP} Proceedings, Part {II}},
  series       = {Lecture Notes in Computer Science},
  volume       = {9135},
  pages        = {146--158},
  publisher    = {Springer},
  year         = {2015},
  url          = {https://doi.org/10.1007/978-3-662-47666-6\_12},
  doi          = {10.1007/978-3-662-47666-6\_12},
  timestamp    = {Fri, 27 Mar 2020 09:02:59 +0100},
  biburl       = {https://dblp.org/rec/conf/icalp/ColcombetS15.bib},
  bibsource    = {dblp computer science bibliography, https://dblp.org}
}


@article{jcss23,
  author       = {Bharat Adsul and
                  Saptarshi Sarkar and
                  A. V. Sreejith},
  title        = {Algebraic characterizations and block product decompositions for first
                  order logic and its infinitary quantifier extensions over countable
                  words},
  journal      = {J. Comput. Syst. Sci.},
  volume       = {136},
  pages        = {302--326},
  year         = {2023},
  url          = {https://doi.org/10.1016/j.jcss.2023.04.002},
  doi          = {10.1016/J.JCSS.2023.04.002},
  timestamp    = {Thu, 25 May 2023 08:23:55 +0200},
  biburl       = {https://dblp.org/rec/journals/jcss/Adsul0S23.bib},
  bibsource    = {dblp computer science bibliography, https://dblp.org}
}

@inproceedings{ms16,
  author    = {Amaldev Manuel and
               A. V. Sreejith},
  title     = {Two-Variable Logic over Countable Linear Orderings},
  booktitle = {41st International Symposium on Mathematical Foundations of Computer
               Science, {MFCS}},
  series    = {LIPIcs},
  volume    = {58},
  pages     = {66:1--66:13},
  publisher = {Schloss Dagstuhl - Leibniz-Zentrum f{\"{u}}r Informatik},
  year      = {2016},
  doi       = {10.4230/LIPIcs.MFCS.2016.66}
}

@inproceedings{lics19,
  author    = {Bharat Adsul and
               Saptarshi Sarkar and
               A. V. Sreejith},
  title     = {Block products for algebras over countable words and applications
               to logic},
  booktitle = {34th Annual {ACM/IEEE} Symposium on Logic in Computer Science, {LICS}},
  pages     = {1--13},
  publisher = {{IEEE}},
  year      = {2019},
  doi       = {10.1109/LICS.2019.8785669}
}

@inproceedings{fct21,
  author    = {Bharat Adsul and
               Saptarshi Sarkar and
               A. V. Sreejith},
  title     = {First-Order Logic and Its Infinitary Quantifier Extensions over Countable
               Words},
  booktitle = {Fundamentals of Computation Theory - 23rd International Symposium,
               {FCT}},
  series    = {Lecture Notes in Computer Science},
  volume    = {12867},
  pages     = {39--52},
  publisher = {Springer},
  year      = {2021},
  doi       = {10.1007/978-3-030-86593-1\_3}
}



@inproceedings{Etessami99,
	author = {Kousha Etessami},
	booktitle = {Computer Aided Verification, 11th International Conference, {CAV} '99, Trento, Italy, July 6-10, 1999, Proceedings},
	date-added = {2021-06-02 10:21:01 +0200},
	date-modified = {2021-06-02 10:21:15 +0200},
	doi = {10.1007/3-540-48683-6\_22},
	editor = {Nicolas Halbwachs and Doron A. Peled},
	pages = {236--248},
	publisher = {Springer},
	series = {Lecture Notes in Computer Science},
	title = {Stutter-Invariant Languages, omega-Automata, and Temporal Logic},
	url = {https://doi.org/10.1007/3-540-48683-6\_22},
	volume = {1633},
	year = {1999},
	Bdsk-Url-1 = {https://doi.org/10.1007/3-540-48683-6%5C_22}}

@article{BedonBCR10,
	author = {Nicolas Bedon and Alexis B{\`{e}}s and Olivier Carton and Chloe Rispal},
	date-added = {2021-06-02 09:10:33 +0200},
	date-modified = {2021-06-02 09:10:33 +0200},
	doi = {10.1007/s00224-009-9222-6},
	journal = {Theory Comput. Syst.},
	number = {4},
	pages = {737--760},
	title = {Logic and Rational Languages of Words Indexed by Linear Orderings},
	url = {http://dx.doi.org/10.1007/s00224-009-9222-6},
	volume = {46},
	year = {2010},
	Bdsk-Url-1 = {http://dx.doi.org/10.1007/s00224-009-9222-6}}

@article{Wilke93a,
	author = {Wilke, Thomas},
	date-added = {2021-06-02 09:09:09 +0200},
	date-modified = {2021-06-02 09:09:09 +0200},
	journal = {Int. J. Alg. Comput.},
	pages = {447-489},
	title = {An algebraic theory for regular languages of finite and infinite words},
	volume = {3},
	year = {1993}}

@article{Trakhtenbrot62,
	author = {Trakhtenbrot, Boris A.},
	date-added = {2021-06-02 09:08:31 +0200},
	date-modified = {2021-06-02 09:08:31 +0200},
	journal = {Siberian Math. J},
	pages = {103-131},
	title = {Finite automata and monadic second order logic (Russian)},
	volume = {3},
	year = {1962}}

@inproceedings{Kleene56,
	author = {Kleene, Stephen C.},
	booktitle = {Automata Studies},
	date-added = {2021-06-02 09:07:53 +0200},
	date-modified = {2021-06-02 09:07:53 +0200},
	editor = {Shannon, Claude E. and McCarthy, John},
	pages = {3-42},
	publisher = {Princeton University Press, Princeton, New Jersey},
	title = {Representation of Events in nerve nets and finite automata},
	year = {1956}}

@inproceedings{Colcombet11-green,
	abstract = {
		The objective of this survey is to present the ideal theory of
		monoids, the so-called Green's relations, and to illustrate the usefulness
		of this tool for solving automata related questions.
		We use Green's relations for proving four classical results related to automata
		theory: The result of Schutzenberger characterizing star-free languages,
		the theorem of factorization forests of Simon, the characterization
		of infinite words of decidable monadic theory due to Semenov,
		and the result of determinization of automata over infinite words of
		Mc-Naughton.
	},
	author = {Thomas Colcombet},
	booktitle = {LATA},
	date-added = {2021-06-02 09:06:28 +0200},
	date-modified = {2021-06-02 09:06:45 +0200},
	editor = {Adrian Horia Dediu and Shunsuke Inenaga and Carlos Mart\'{\i}n-Vide},
	note = {Invited lecture.},
	pages = {1-21},
	pdf = {Publications/LATA11_colcombet.pdf},
	publisher = springer,
	series = lncs,
	title = {{G}reen's Relations and their Use in Automata Theory},
	volume = {6638},
	year = {2011},
	Bdsk-File-1 = {YnBsaXN0MDDSAQIDBFxyZWxhdGl2ZVBhdGhZYWxpYXNEYXRhXxBILi4vLi4vLi4vLi4vT2xkdHJhdmFpbC9XZWIvcHVibGljX2h0bWwvUHVibGljYXRpb25zL0xBVEExMS1jb2xjb21iZXQucGRmTxEB6AAAAAAB6AACAAAMTWFjaW50b3NoIEhEAAAAAAAAAAAAAAAAAAAAz9RG5kgrAAABa5BFFExBVEExMS1jb2xjb21iZXQucGRmAAAAAAAAAAAAAAAAAAAAAAAAAAAAAAAAAAAAAAAAAAAAAAAAAAAAAAAAAAFrkG/U8tGQAAAAAAAAAAAABAAFAAAJIAAAAAAAAAAAAAAAAAAAAAxQdWJsaWNhdGlvbnMAEAAIAADP1CrGAAAAEQAIAADU8sOAAAAAAQAYAWuQRQFrjlQAYIrmAF3kLQAJNtAAAmb5AAIAXk1hY2ludG9zaCBIRDpVc2VyczoAY29sY29tYmU6AE9sZHRyYXZhaWw6AFdlYjoAcHVibGljX2h0bWw6AFB1YmxpY2F0aW9uczoATEFUQTExLWNvbGNvbWJldC5wZGYADgAqABQATABBAFQAQQAxADEALQBjAG8AbABjAG8AbQBiAGUAdAAuAHAAZABmAA8AGgAMAE0AYQBjAGkAbgB0AG8AcwBoACAASABEABIAS1VzZXJzL2NvbGNvbWJlL09sZHRyYXZhaWwvV2ViL3B1YmxpY19odG1sL1B1YmxpY2F0aW9ucy9MQVRBMTEtY29sY29tYmV0LnBkZgAAEwABLwAAFQACAA///wAAAAgADQAaACQAbwAAAAAAAAIBAAAAAAAAAAUAAAAAAAAAAAAAAAAAAAJb}}

@inproceedings{Bojanczyk15monads,
	author = {Miko{\l}aj Boja{\'{n}}czyk},
	booktitle = {Developments in Language Theory - 19th International Conference, {DLT} 2015, Liverpool, UK, July 27-30, 2015, Proceedings.},
	date-added = {2021-06-02 09:04:16 +0200},
	date-modified = {2021-06-02 09:04:16 +0200},
	doi = {10.1007/978-3-319-21500-6_1},
	pages = {1--13},
	title = {Recognisable Languages over Monads},
	year = {2015},
	Bdsk-Url-1 = {http://dx.doi.org/10.1007/978-3-319-21500-6_1}}

@inproceedings{Wilke91,
	author = {Wilke, Thomas},
	booktitle = {ICALP 91: Automata, Languages and Programming, 18th International Colloquium},
	date-added = {2021-06-02 09:02:35 +0200},
	date-modified = {2021-06-02 09:02:35 +0200},
	pages = {588--599},
	publisher = SPRINGER,
	series = LNCS,
	title = {An {E}ilenberg theorem for $\infty$-languages},
	volume = {510},
	year = {1991}}

@inproceedings{Wilke93b,
	author = {Wilke, Thomas},
	booktitle = {S{TACS} 1993: 10th {I}nternational {S}ymposium on {T}heoretical {A}spects of {C}omputer {S}cience},
	date-added = {2021-06-02 09:02:35 +0200},
	date-modified = {2021-06-02 09:02:35 +0200},
	editor = {Patrice Enjalbert and Alain Finkel and Klaus W. Wagner},
	pages = {607-616},
	publisher = springer,
	series = lncs,
	title = {Locally threshold testable languages of infinite words},
	volume = {665},
	year = {1993}}

@article{Shelah75,
	author = {Shelah, Saharon},
	date-added = {2021-06-02 09:01:10 +0200},
	date-modified = {2021-06-02 09:01:10 +0200},
	fjournal = {Annals of Mathematics. Second Series},
	issn = {0003-486X},
	journal = {Ann. of Math. (2)},
	mrclass = {02G05 (02H10)},
	mrnumber = {0491120 (58 \#10390)},
	mrreviewer = {Andreas Blass},
	number = {3},
	pages = {379--419},
	title = {The monadic theory of order},
	volume = {102},
	year = {1975}}

@article{GurevichShelah79I,
	author = {Yuri Gurevich},
	date-added = {2021-06-02 09:00:05 +0200},
	date-modified = {2021-06-02 09:00:05 +0200},
	journal = {J. Symb. Log.},
	number = {4},
	pages = {481-490},
	title = {Modest Theory of Short Chains. I},
	volume = {44},
	year = {1979},
	Bdsk-File-1 = {YnBsaXN0MDDSAQIDBFxyZWxhdGl2ZVBhdGhZYWxpYXNEYXRhXxAtLi4vLlRyYXNoL01vZGVzdCBUaGVvcnkgb2YgU2hvcnQgQ2hhaW5zIEkucGRmTxEB1gAAAAAB1gACAAAMTWFjaW50b3NoIEhEAAAAAAAAAAAAAAAAAAAAyjyNI0grAAAAE8XeH01vZGVzdCBUaGVvcnkgb2YgU2hvciM1Q0JGRC5wZGYAAAAAAAAAAAAAAAAAAAAAAAAAAAAAAAAAAAAAAAAAAAAFy/3KqlmuAAAAAAAAAAAAAQACAAAJIAAAAAAAAAAAAAAAAAAAAAYuVHJhc2gAEAAIAADKPHEDAAAAEQAIAADKqj2OAAAAAQAMABPF3gAFAP4AAL8xAAIATE1hY2ludG9zaCBIRDpVc2VyczoAdGhvbWFzY29sY29tYmV0OgAuVHJhc2g6AE1vZGVzdCBUaGVvcnkgb2YgU2hvciM1Q0JGRC5wZGYADgBIACMATQBvAGQAZQBzAHQAIABUAGgAZQBvAHIAeQAgAG8AZgAgAFMAaABvAHIAdAAgAEMAaABhAGkAbgBzACAASQAuAHAAZABmAA8AGgAMAE0AYQBjAGkAbgB0AG8AcwBoACAASABEABIAQFVzZXJzL3Rob21hc2NvbGNvbWJldC8uVHJhc2gvTW9kZXN0IFRoZW9yeSBvZiBTaG9ydCBDaGFpbnMgSS5wZGYAEwABLwAAFQACABb//wAAAAgADQAaACQAVAAAAAAAAAIBAAAAAAAAAAUAAAAAAAAAAAAAAAAAAAIu}}

@article{GurevichShelah79II,
	author = {Yuri Gurevich and Saharon Shelah},
	date-added = {2021-06-02 09:00:05 +0200},
	date-modified = {2021-06-02 09:00:05 +0200},
	journal = {J. Symb. Log.},
	number = {4},
	pages = {491-502},
	title = {Modest Theory of Short Chains. II},
	volume = {44},
	year = {1979},
	Bdsk-File-1 = {YnBsaXN0MDDSAQIDBFxyZWxhdGl2ZVBhdGhZYWxpYXNEYXRhXxCyLi4vTGlicmFyeS9NYWlsL1YyL0lNQVAtY29sY29tYmVAaW1hcHMubGlhZmEuanVzc2lldS5mci9NYWlsLm1ib3gvc2VudC5tYm94LzI1MTRENjhFLTUyODQtNDZENS05QzBFLThFQzE1RDU2OUY4Ny9EYXRhLzAvMS9BdHRhY2htZW50cy8xMDQyNi8zL01vZGVzdCBUaGVvcnkgb2YgU2hvcnQgQ2hhaW5zIElJLnBkZk8RAxAAAAAAAxAAAgAADE1hY2ludG9zaCBIRAAAAAAAAAAAAAAAAAAAAMo8jSNIKwAAAAXL/x9Nb2Rlc3QgVGhlb3J5IG9mIFNob3IjNUNDMDAucGRmAAAAAAAAAAAAAAAAAAAAAAAAAAAAAAAAAAAAAAAAAAAABcwAyqpZrgAAAAAAAAAAAAEADgAACSAAAAAAAAAAAAAAAAAAAAABMwAAEAAIAADKPHEDAAAAEQAIAADKqj2OAAAAAQA8AAXL/wAFy/sABaL5AAWiXAAFolsABZVSAAWVUQAFlH8ABVcrAAUJmQAFCP4ABQj9AAUBkQAFAP4AAL8xAAIA0k1hY2ludG9zaCBIRDpVc2VyczoAdGhvbWFzY29sY29tYmV0OgBMaWJyYXJ5OgBNYWlsOgBWMjoASU1BUC1jb2xjb21iZUBpbWFwcy5saSM1MDk5OS5mcjoATWFpbC5tYm94OgBTZW50Lm1ib3g6ADI1MTRENjhFLTUyODQtNDZENS05QzBFLTgjNTk1NTE6AERhdGE6ADA6ADE6AEF0dGFjaG1lbnRzOgAxMDQyNjoAMzoATW9kZXN0IFRoZW9yeSBvZiBTaG9yIzVDQzAwLnBkZgAOAEoAJABNAG8AZABlAHMAdAAgAFQAaABlAG8AcgB5ACAAbwBmACAAUwBoAG8AcgB0ACAAQwBoAGEAaQBuAHMAIABJAEkALgBwAGQAZgAPABoADABNAGEAYwBpAG4AdABvAHMAaAAgAEgARAASAMVVc2Vycy90aG9tYXNjb2xjb21iZXQvTGlicmFyeS9NYWlsL1YyL0lNQVAtY29sY29tYmVAaW1hcHMubGlhZmEuanVzc2lldS5mci9NYWlsLm1ib3gvc2VudC5tYm94LzI1MTRENjhFLTUyODQtNDZENS05QzBFLThFQzE1RDU2OUY4Ny9EYXRhLzAvMS9BdHRhY2htZW50cy8xMDQyNi8zL01vZGVzdCBUaGVvcnkgb2YgU2hvcnQgQ2hhaW5zIElJLnBkZgAAEwABLwAAFQACABb//wAAAAgADQAaACQA2QAAAAAAAAIBAAAAAAAAAAUAAAAAAAAAAAAAAAAAAAPt}}

@article{Buchi60,
	author = {B{\"u}chi, J. Richard},
	date-added = {2021-06-02 08:59:06 +0200},
	date-modified = {2021-06-02 08:59:06 +0200},
	fjournal = {Zeitschrift f\"ur Mathematische Logik und Grundlagen der Mathematik},
	journal = {Z. Math. Logik Grundlagen Math.},
	pages = {66--92},
	title = {Weak second-order arithmetic and finite automata},
	volume = {6},
	year = {1960}}

@incollection{Buchi62,
	author = {B{\"u}chi, J. Richard},
	booktitle = {Logic, {M}ethodology and {P}hilosophy of {S}cience},
	date-added = {2021-06-02 08:58:42 +0200},
	date-modified = {2021-06-02 08:58:42 +0200},
	pages = {1--11},
	publisher = {Stanford University Press},
	title = {On a decision method in restricted second order arithmetic},
	year = {1962}}

@article{RabinScott59,
	author = {Rabin, Michael O. and Scott, Dana},
	date-added = {2021-06-02 08:58:22 +0200},
	date-modified = {2021-06-02 08:58:22 +0200},
	journal = {IBM J. Res. and Develop.},
	month = apr,
	pages = {114--125},
	title = {Finite automata and their decision problems},
	volume = 3,
	year = {1959},
	Bdsk-File-1 = {YnBsaXN0MDDSAQIDBFxyZWxhdGl2ZVBhdGhZYWxpYXNEYXRhXxA3Li4vLi4vLi4vLi4vT2xkdHJhdmFpbC9NZW1vcy9QYXBpZXJzL3JhYmluX3Njb3R0XzU5LnBkZk8RAbgAAAAAAbgAAgAADE1hY2ludG9zaCBIRAAAAAAAAAAAAAAAAAAAAM/URuZIKwAAAGDY7xJyYWJpbl9zY290dF81OS5wZGYAAAAAAAAAAAAAAAAAAAAAAAAAAAAAAAAAAAAAAAAAAAAAAAAAAAAAAAAAAAAAYNmF0MzVWwAAAAAAAAAAAAQABAAACSAAAAAAAAAAAAAAAAAAAAAHUGFwaWVycwAAEAAIAADP1CrGAAAAEQAIAADQzMdLAAAAAQAUAGDY7wBg2MkAXeQtAAk20AACZvkAAgBMTWFjaW50b3NoIEhEOlVzZXJzOgBjb2xjb21iZToAT2xkdHJhdmFpbDoATWVtb3M6AFBhcGllcnM6AHJhYmluX3Njb3R0XzU5LnBkZgAOACYAEgByAGEAYgBpAG4AXwBzAGMAbwB0AHQAXwA1ADkALgBwAGQAZgAPABoADABNAGEAYwBpAG4AdABvAHMAaAAgAEgARAASADpVc2Vycy9jb2xjb21iZS9PbGR0cmF2YWlsL01lbW9zL1BhcGllcnMvcmFiaW5fc2NvdHRfNTkucGRmABMAAS8AABUAAgAP//8AAAAIAA0AGgAkAF4AAAAAAAACAQAAAAAAAAAFAAAAAAAAAAAAAAAAAAACGg==}}

@article{Schutzenberger56semi,
	author = {Sch{\"u}tzenberger, Marcel-Paul},
	date-added = {2021-06-02 08:56:04 +0200},
	date-modified = {2021-06-02 08:56:14 +0200},
	journal = {{IRE} Trans. Inf. Theory},
	keywords = {semigroups, syntactic semigroup},
	number = {3},
	pages = {47 -60},
	title = {On an application of semigroups methods to some problems in coding},
	volume = {2},
	year = {1956},
	Bdsk-File-1 = {YnBsaXN0MDDSAQIDBFxyZWxhdGl2ZVBhdGhZYWxpYXNEYXRhXxA5Li4vLi4vLi4vLi4vT2xkdHJhdmFpbC9NZW1vcy9QYXBpZXJzL1NjaHV0emVuYmVyZ2VyNTYucGRmTxEBwAAAAAABwAACAAAMTWFjaW50b3NoIEhEAAAAAAAAAAAAAAAAAAAAz9RG5kgrAAAAYNjvFFNjaHV0emVuYmVyZ2VyNTYucGRmAAAAAAAAAAAAAAAAAAAAAAAAAAAAAAAAAAAAAAAAAAAAAAAAAAAAAAAAAABg2ajQzNVcAAAAAAAAAAAABAAEAAAJIAAAAAAAAAAAAAAAAAAAAAdQYXBpZXJzAAAQAAgAAM/UKsYAAAARAAgAANDMx0wAAAABABQAYNjvAGDYyQBd5C0ACTbQAAJm+QACAE5NYWNpbnRvc2ggSEQ6VXNlcnM6AGNvbGNvbWJlOgBPbGR0cmF2YWlsOgBNZW1vczoAUGFwaWVyczoAU2NodXR6ZW5iZXJnZXI1Ni5wZGYADgAqABQAUwBjAGgAdQB0AHoAZQBuAGIAZQByAGcAZQByADUANgAuAHAAZABmAA8AGgAMAE0AYQBjAGkAbgB0AG8AcwBoACAASABEABIAPFVzZXJzL2NvbGNvbWJlL09sZHRyYXZhaWwvTWVtb3MvUGFwaWVycy9TY2h1dHplbmJlcmdlcjU2LnBkZgATAAEvAAAVAAIAD///AAAACAANABoAJABgAAAAAAAAAgEAAAAAAAAABQAAAAAAAAAAAAAAAAAAAiQ=}}

@book{PerrinPin04,
	author = {Dominique Perrin and Jean{-}Eric Pin},
	bibsource = {dblp computer science bibliography, https://dblp.org},
	biburl = {https://dblp.org/rec/books/daglib/0016866.bib},
	date-added = {2021-06-02 08:47:19 +0200},
	date-modified = {2021-06-02 08:47:48 +0200},
	isbn = {978-0-12-532111-2},
	publisher = {Elsevier Morgan Kaufmann},
	series = {Pure and applied mathematics series},
	timestamp = {Mon, 15 Jul 2019 16:26:46 +0200},
	title = {Infinite words - automata, semigroups, logic and games},
	volume = {141},
	year = {2004}}

@incollection{PerrinPin95,
	author = {Perrin, Dominique and Pin, Jean-{\'E}ric},
	booktitle = {NATO Advanced Study Institute Semigroups, Formal Languages and Groups},
	date-added = {2021-06-02 08:43:31 +0200},
	date-modified = {2021-06-02 08:43:31 +0200},
	editor = {Fountain, J.},
	pages = {49--72},
	publisher = {Kluwer academic publishers},
	title = {Semigroups and automata on infinite words},
	year = {1995}}

@article{CartonColcombetPuppis18,
	author = {Olivier Carton and Thomas Colcombet and Gabriele Puppis},
	bibsource = {dblp computer science bibliography, https://dblp.org},
	biburl = {https://dblp.org/rec/journals/jsyml/CartonCP18.bib},
	date-added = {2020-12-14 09:01:41 +0100},
	date-modified = {2020-12-14 09:02:05 +0100},
	doi = {10.1017/jsl.2018.7},
	journal = {J. Symb. Log.},
	number = {3},
	pages = {1147--1189},
	timestamp = {Fri, 27 Dec 2019 21:18:29 +0100},
	title = {An Algebraic Approach to MSO-Definability on Countable linear Orderings},
	url = {https://doi.org/10.1017/jsl.2018.7},
	volume = {83},
	year = {2018},
	Bdsk-Url-1 = {https://doi.org/10.1017/jsl.2018.7}}

@article{McNaughton66,
	author = {McNaughton, Robert},
	date-added = {2015-02-16 14:38:45 +0000},
	date-modified = {2015-02-16 14:38:45 +0000},
	journal = {Information and Control},
	pages = {521--530},
	title = {Testing and generating infinite sequences by a finite automaton},
	volume = {9},
	year = 1966}

@incollection{Thomas97,
	author = {Thomas, Wolfgang},
	booktitle = {Handbook of Formal Languages},
	chapter = {7},
	date-added = {2015-02-16 14:03:53 +0000},
	date-modified = {2015-02-16 14:06:15 +0000},
	editor = {Rozenberg, Gregorz and Salomaa, Arto},
	pages = {389-455},
	publisher = {Springer},
	title = {Languages, Automata and Logic},
	volume = {3},
	year = {1997}}

@unpublished{BesCartonPersonal,
	author = {B{\`e}s, Alexis and Carton, Olivier},
	date-added = {2015-02-16 08:58:45 +0000},
	date-modified = {2015-02-16 08:59:41 +0000},
	note = {Personal communication},
	title = {Algebraic Characterization of {WMSO} for Scattered Linear Orderings},
	year = {2014}}

@book{McNaughtonPapert71,
	author = {McNaughton, Robert and Papert, Seymour},
	date-added = {2015-02-16 08:57:53 +0000},
	date-modified = {2015-02-16 08:57:53 +0000},
	publisher = {MIT Press},
	title = {Counter-free Automata},
	year = {1971}}

@incollection{Buchi65b,
	address = {Amsterdam},
	author = {B{\"u}chi, J. Richard},
	booktitle = {Logic, {M}ethodology and {P}hilos. {S}ci. ({P}roc. 1964 {I}nternat. {C}ongr.)},
	date-added = {2015-02-16 08:53:26 +0000},
	date-modified = {2015-02-16 08:53:26 +0000},
	mrclass = {02.88},
	mrnumber = {0210593 (35 \#1480)},
	mrreviewer = {L. C. Eggan},
	pages = {3--23},
	publisher = {North-Holland},
	title = {Transfinite automata recursions and weak second order theory of ordinals},
	year = {1965}}

@article{Buchi65a,
	author = {B{\"u}chi, J. Richard},
	date-added = {2015-02-16 08:53:22 +0000},
	date-modified = {2015-02-16 08:53:22 +0000},
	fjournal = {Bulletin of the American Mathematical Society},
	issn = {0002-9904},
	journal = {Bull. Amer. Math. Soc.},
	mrclass = {02.54},
	mrnumber = {0189997 (32 \#7413)},
	mrreviewer = {G. Asser},
	pages = {767--770},
	title = {Decision methods in the theory of ordinals},
	volume = {71},
	year = {1965}}

@inproceedings{BesCarton11,
	author = {B{\`e}s, Alexis and Carton, Olivier},
	booktitle = {CSL},
	date-added = {2015-02-16 08:50:02 +0000},
	date-modified = {2015-02-17 19:13:18 +0000},
	doi = {10.4230/LIPIcs.CSL.2011.67},
	pages = {67--81},
	publisher = {Schloss Dagstuhl - Leibniz-Zentrum fuer Informatik},
	series = {LIPIcs},
	title = {Algebraic Characterization of {FO} for Scattered Linear Orderings},
	volume = {12},
	year = {2011},
	Bdsk-Url-1 = {http://dx.doi.org/10.4230/LIPIcs.CSL.2011.67}}

@inproceedings{Colcombet13,
	author = {Thomas Colcombet},
	booktitle = {CSR},
	date-added = {2015-02-16 08:48:19 +0000},
	date-modified = {2015-02-16 08:52:35 +0000},
	pages = {Invited Paper},
	title = {Monadic Second-Order Logic and Cuts in the Backgrounds},
	year = {2013}}

@article{GurevichRabinovich00,
	author = {Yuri Gurevich and Alexander Moshe Rabinovich},
	date-added = {2015-02-16 08:48:14 +0000},
	date-modified = {2015-02-16 08:48:14 +0000},
	journal = {J. Symb. Log.},
	number = {2},
	pages = {946-958},
	title = {Definability and Undefinability with Real Order at The Background},
	volume = {65},
	year = {2000}}

@book{Pin86,
	author = {Pin, Jean-{\'E}ric},
	date-added = {2015-02-16 08:47:35 +0000},
	date-modified = {2015-02-16 08:47:35 +0000},
	publisher = {North Oxford Academic, London and Plenum, New York},
	title = {Varieties of Formal Languages},
	year = {1986}}

@book{Rosenstein,
	author = {Rosenstein J. G.},
	publisher = {Academic press},
	title = {Linear Orderings},
	year = {1982}}

@article{CartonRispal,
	author = {Rispal Chlo{\'e} and Olivier Carton},
	journal = {Int. J. of Foundations of Comp. Sc.},
	pages = {767-786},
	title = {An algebraic theory for regular languages of finite and infinite words},
	volume = {16(04)},
	year = {2005}}

@inproceedings{CartonColcombetPuppis11,
	author = {Olivier Carton and Thomas Colcombet and Gabriele Puppis},
	booktitle = {ICALP},
	date-added = {2015-02-16 08:46:39 +0000},
	date-modified = {2015-02-17 19:13:35 +0000},
	pages = {125-136},
	publisher = springer,
	series = lncs,
	title = {Regular Languages of Words over Countable Linear Orderings},
	volume = {6756},
	year = {2011},
	Bdsk-File-1 = {YnBsaXN0MDDSAQIDBFxyZWxhdGl2ZVBhdGhZYWxpYXNEYXRhXxBMLi4vLi4vLi4vLi4vV2ViL3B1YmxpY19odG1sL1B1YmxpY2F0aW9ucy9JQ0FMUDExLWNhcnRvbi1jb2xjb21iZXQtcHVwcGlzLnBkZk8RAdoAAAAAAdoAAgAADE1hY2ludG9zaCBIRAAAAAAAAAAAAAAAAAAAAAAAAABCRAAB/////x9JQ0FMUDExLWNhcnRvbi1jb2wjRkZGRkZGRkYucGRmAAAAAAAAAAAAAAAAAAAAAAAAAAAAAAAAAAAAAAAAAAD/////AAAAAAAAAAAAAAAAAAQABAAACiBjdQAAAAAAAAAAAAAAAAAMUHVibGljYXRpb25zAAIAWS86VXNlcnM6Y29sY29tYmU6VHJhdmFpbDpXZWI6cHVibGljX2h0bWw6UHVibGljYXRpb25zOklDQUxQMTEtY2FydG9uLWNvbGNvbWJldC1wdXBwaXMucGRmAAAOAEgAIwBJAEMAQQBMAFAAMQAxAC0AYwBhAHIAdABvAG4ALQBjAG8AbABjAG8AbQBiAGUAdAAtAHAAdQBwAHAAaQBzAC4AcABkAGYADwAaAAwATQBhAGMAaQBuAHQAbwBzAGgAIABIAEQAEgBXVXNlcnMvY29sY29tYmUvVHJhdmFpbC9XZWIvcHVibGljX2h0bWwvUHVibGljYXRpb25zL0lDQUxQMTEtY2FydG9uLWNvbGNvbWJldC1wdXBwaXMucGRmAAATAAEvAAAVAAIAD///AAAACAANABoAJABzAAAAAAAAAgEAAAAAAAAABQAAAAAAAAAAAAAAAAAAAlE=}}

@article{Rabin69,
	author = {Rabin, Michael O.},
	date-added = {2015-02-16 08:46:24 +0000},
	date-modified = {2015-02-16 08:46:24 +0000},
	fjournal = {Transactions of the American Mathematical Society},
	issn = {0002-9947},
	journal = {Trans. Amer. Math. Soc.},
	mrclass = {02.32},
	mrnumber = {0246760 (40 \#30)},
	mrreviewer = {Walter Oberschelp},
	pages = {1--35},
	title = {Decidability of second-order theories and automata on infinite trees.},
	volume = {141},
	year = {1969}}

@article{Schutzenberger65,
	author = {Sch{\"u}tzenberger, Marcel-Paul},
	date-added = {2015-02-16 08:45:58 +0000},
	date-modified = {2015-02-16 08:45:58 +0000},
	journal = {Information and Control},
	pages = {190--194},
	title = {On finite monoids having only trivial subgroups},
	volume = 8,
	year = 1965}


@article{godel_incompleteness,
	Author = {Kurt G\"{o}del},
	Date-Added = {2016-11-09 12:09:00 +0000},
	Date-Modified = {2016-11-09 12:10:15 +0000},
	Journal = {Monatshefte f{\"u}r Mathematik und Physik},
	Key = {Goed31},
	Keyword = {Logic},
	Pages = {173--198},
	Title = {{\"U}ber formal unentscheidbare {S}{\"a}tze der {P}rincipia {M}athematica und verwandter {S}ysteme},
	Volume = {38},
	Year = {1931}}

@book{mendelson_logic,
	Author = {E. Mendelson},
	Date-Added = {2016-11-09 12:06:28 +0000},
	Date-Modified = {2016-11-09 12:06:39 +0000},
	Publisher = {Wadsworth and Brooks},
	Title = {Introduction to Mathematical Logic},
	Year = {1987}}

@book{sipser_tocBook,
	Author = {Michael Sipser},
	Date-Added = {2016-11-08 12:20:37 +0000},
	Date-Modified = {2016-11-08 12:21:45 +0000},
	Publisher = {PWS Publishing Co.},
	Title = {Introduction to the Theory of Computation},
	Year = {1996}}

@book{deepak_bookAppAutomata,
	Bibdate = {2014-07-19},
	Bibsource = {DBLP, http://dblp.uni-trier.de/db/books/collections/automata2012.html},
	Date-Added = {2016-11-08 12:16:39 +0000},
	Date-Modified = {2016-11-08 12:17:03 +0000},
	Editor = {Deepak D'Souza and Priti Shankar},
	Isbn = {978-981-4271-04-2},
	Publisher = {World Scientific},
	Series = {IISc Research Monographs Series},
	Title = {Modern Applications of Automata Theory},
	Url = {http://dx.doi.org/10.1142/7237},
	Volume = {2},
	Year = {2012},
	Bdsk-Url-1 = {http://dx.doi.org/10.1142/7237}}

@article{nisson_logicAI,
	Author = {Nilsson},
	Date-Added = {2016-11-08 10:11:16 +0000},
	Date-Modified = {2016-11-08 10:11:29 +0000},
	Journal = {AIJ: Artificial Intelligence},
	Title = {Logic and Artificial Intelligence},
	Volume = {47},
	Year = {1991}}

@article{vardi_logicEffectiveness,
	Author = {Halpern and Harper and Immerman and Kolaitis and Vardi and Vianu},
	Date-Added = {2016-11-08 10:08:33 +0000},
	Date-Modified = {2016-11-08 10:08:59 +0000},
	Journal = {BSL: The Bulletin of Symbolic Logic},
	Title = {On the Unusual Effectiveness of Logic in Computer Science},
	Volume = {7},
	Year = {2001}}

@book{vianu_bookDB,
	Author = {S. Abiteboul and R. Hull and V. Vianu},
	Date-Added = {2016-11-08 10:05:17 +0000},
	Date-Modified = {2016-11-08 11:24:46 +0000},
	Publisher = {Addison-Wesley},
	Title = {Foundations of Databases},
	Year = {1995}}

@inproceedings{colcombet_fact,
	Author = {Thomas Colcombet},
	Bibdate = {2007-08-31},
	Bibsource = {DBLP, http://dblp.uni-trier.de/db/conf/fct/fct2007.html#Colcombet07},
	Booktitle = {Fundamentals of Computation Theory, 16th International Symposium, {FCT}},
	Date-Added = {2016-11-05 14:11:24 +0000},
	Date-Modified = {2016-11-08 11:22:08 +0000},
	Isbn = {978-3-540-74239-5},
	Pages = {226--237},
	Series = {LNCS},
	Title = {Factorisation Forests for Infinite Words},
	Url = {http://dx.doi.org/10.1007/978-3-540-74240-1_20},
	Volume = {4639},
	Year = {2007},
	Bdsk-Url-1 = {http://dx.doi.org/10.1007/978-3-540-74240-1_20}}

@article{bojan_xpath,
	Author = {Mikolaj Bojanczyk and Pawel Parys},
	Bibdate = {2011-08-09},
	Bibsource = {DBLP, http://dblp.uni-trier.de/db/journals/jacm/jacm58.html#BojanczykP11},
	Date-Added = {2016-11-05 14:08:52 +0000},
	Date-Modified = {2016-11-08 12:07:05 +0000},
	Journal = {Journal of the ACM},
	Number = {4},
	Pages = {17},
	Title = {{XP}ath evaluation in linear time},
	Url = {http://doi.acm.org/10.1145/1989727.1989731},
	Volume = {58},
	Year = {2011},
	Bdsk-Url-1 = {http://doi.acm.org/10.1145/1989727.1989731}}

@article{bojan_algebraAlgo,
	Author = {Mikolaj Bojanczyk},
	Bibdate = {2012-10-20},
	Bibsource = {DBLP, http://dblp.uni-trier.de/db/journals/sigmod/sigmod41.html#Bojanczyk12},
	Date-Added = {2016-11-05 14:00:59 +0000},
	Date-Modified = {2016-11-05 14:01:25 +0000},
	Journal = {SIGMOD Record},
	Number = {2},
	Pages = {5--14},
	Title = {Algorithms for regular languages that use algebra},
	Url = {http://doi.acm.org/10.1145/2350036.2350038},
	Volume = {41},
	Year = {2012},
	Bdsk-Url-1 = {http://doi.acm.org/10.1145/2350036.2350038}}

@article{demri_presburger,
	Author = {St{\'e}phane Demri},
	Bibdate = {2012-10-15},
	Bibsource = {DBLP, http://dblp.uni-trier.de/db/journals/jancl/jancl16.html#Demri06},
	Date-Added = {2016-11-04 13:42:39 +0000},
	Date-Modified = {2016-11-04 13:42:51 +0000},
	Journal = {Journal of Applied Non-Classical Logics},
	Number = {3-4},
	Pages = {311--348},
	Title = {Linear-time temporal logics with Presburger constraints: an overview},
	Url = {http://dx.doi.org/10.3166/jancl.16.311-347},
	Volume = {16},
	Year = {2006},
	Bdsk-Url-1 = {http://dx.doi.org/10.3166/jancl.16.311-347}}

@article{neven_dataWords,
	Author = {Frank Neven and Thomas Schwentick and Victor Vianu},
	Date-Added = {2016-10-30 16:12:30 +0000},
	Date-Modified = {2016-10-30 16:13:13 +0000},
	Journal = {ACM Transactions on Computational Logic},
	Month = jul,
	Number = {3},
	Pages = {403--435},
	Title = {Finite state machines for strings over infinite alphabets},
	Volume = {5},
	Year = {2004}}

@article{vardi94ic,
	Author = {Moshe Y. Vardi and Pierre Wolper},
	Date-Added = {2016-10-30 15:20:45 +0000},
	Date-Modified = {2016-10-30 15:20:45 +0000},
	Journal = {Information and Computation},
	Month = jan,
	Number = {1},
	Pages = {1--37},
	Title = {Reasoning About Infinite Computations},
	Volume = {115},
	Year = {1994}}

@book{esparza_unfoldings,
	Author = {Javier Esparza and Keijo Heljanko},
	Bibdate = {2015-02-11},
	Date-Added = {2016-10-30 15:17:50 +0000},
	Date-Modified = {2016-10-30 15:18:03 +0000},
	Isbn = {978-3-540-77425-9; 978-3-540-77426-6},
	Pages = {I--XII, 1--156},
	Publisher = {Springer},
	Series = {Monographs in Theoretical Computer Science. An EATCS Series},
	Title = {Unfoldings - {A} Partial-Order Approach to Model Checking},
	Url = {http://dx.doi.org/10.1007/978-3-540-77426-6; http://dx.doi.org/10.1007/978-3-540-77426-6},
	Year = {2008},
	Bdsk-Url-1 = {http://dx.doi.org/10.1007/978-3-540-77426-6;%20http://dx.doi.org/10.1007/978-3-540-77426-6}}

@inproceedings{my_linearorder,
	Author = {Thomas Colcombet and A. V. Sreejith},
	Booktitle = {Automata, Languages, and Programming - 42nd International Colloquium},
	Date-Modified = {2016-10-31 14:04:27 +0000},
	Pages = {146--158},
	Series = {Lecture Notes in Computer Science},
	Title = {Limited Set quantifiers over Countable Linear Orderings},
	Volume = {9135},
	Year = {2015}}

@inproceedings{cartonMSOCLO,
	Author = {Olivier Carton and Thomas Colcombet and Gabriele Puppis},
	Booktitle = {ICALP},
	Date-Added = {2016-10-30 15:06:28 +0000},
	Date-Modified = {2016-11-08 12:18:40 +0000},
	Pages = {125--136},
	Series = {LNCS},
	Title = {Regular Languages of Words over Countable Linear Orderings},
	Volume = {6756},
	Year = {2011},
	Bdsk-Url-1 = {http://dx.doi.org/10.1007/978-3-642-22012-8}}

@inproceedings{my_csr14,
	Author = {V. Arvind and S. Raja and A. V. Sreejith},
	Bibdate = {2014-06-03},
	Bibsource = {DBLP, http://dblp.uni-trier.de/db/conf/csr/csr2014.html#ArvindRS14},
	Booktitle = {Computer Science Theory and Applications - 9th International Computer Science Symposium in Russia {CSR}},
	Date-Added = {2016-10-20 12:05:26 +0000},
	Date-Modified = {2016-10-30 17:34:14 +0000},
	Isbn = {978-3-319-06685-1},
	Pages = {65--76},
	Series = {LNCS},
	Title = {On Lower Bounds for Multiplicative Circuits and Linear Circuits in Noncommutative Domains},
	Url = {http://dx.doi.org/10.1007/978-3-319-06686-8},
	Year = {2014},
	Bdsk-Url-1 = {http://dx.doi.org/10.1007/978-3-319-06686-8}}

@inproceedings{colcombet13,
	Author = {Thomas Colcombet},
	Bibdate = {2013-06-04},
	Bibsource = {DBLP, http://dblp.uni-trier.de/db/conf/csr/csr2013.html#Colcombet13},
	Booktitle = {8th International Computer Science Symposium in Russia, {CSR}},
	Date-Added = {2016-10-20 11:30:21 +0000},
	Date-Modified = {2016-11-08 11:22:56 +0000},
	Isbn = {978-3-642-38535-3},
	Pages = {391--404},
	Series = {LNCS},
	Title = {Composition with Algebra at the Background},
	Url = {http://dx.doi.org/10.1007/978-3-642-38536-0},
	Year = {2013},
	Bdsk-Url-1 = {http://dx.doi.org/10.1007/978-3-642-38536-0}}

@article{Shelah75,
	Author = {S. Shelah},
	Date-Added = {2016-10-20 11:26:58 +0000},
	Date-Modified = {2016-11-08 10:59:25 +0000},
	Journal = {Annals of Mathematics},
	Key = {Shel75},
	Keyword = {omega},
	Pages = {379--419},
	Title = {The monadic theory of order},
	Volume = {102},
	Year = {1975}}

@inproceedings{my_mfcs16,
	Author = {Amaldev Manuel and A. V. Sreejith},
	Bibdate = {2016-08-30},
	Bibsource = {DBLP, http://dblp.uni-trier.de/db/conf/mfcs/mfcs2016.html#ManuelS16},
	Booktitle = {41st International Symposium on Mathematical Foundations of Computer Science, {MFCS}},
	Date-Added = {2016-10-20 11:07:41 +0000},
	Date-Modified = {2016-10-20 11:57:44 +0000},
	Isbn = {978-3-95977-016-3},
	Pages = {66:1--66:13},
	Series = {LIPIcs},
	Title = {Two-Variable Logic over Countable Linear Orderings},
	Url = {http://www.dagstuhl.de/dagpub/978-3-95977-016-3},
	Volume = {58},
	Year = {2016},
	Bdsk-Url-1 = {http://www.dagstuhl.de/dagpub/978-3-95977-016-3}}

@phdthesis{sav_thesis,
	Author = {A. V. Sreejith},
	Date-Added = {2016-10-20 11:04:21 +0000},
	Date-Modified = {2016-10-20 11:45:22 +0000},
	School = {Institute of Mathematical Sciences, Chennai},
	Title = {Regular Quantifiers in Logics},
	Year = {2014}}

@book{Hodges93,
	Author = {Wilfrid Hodges},
	Date-Added = {2016-10-20 11:01:21 +0000},
	Date-Modified = {2016-10-20 11:01:21 +0000},
	Publisher = {Cambridge University Press},
	Series = {Encyclopedia of Mathematics and Its Applications},
	Title = {Model Theory},
	Volume = {42},
	Year = {1993}}

@book{pnueli_book,
	Author = {Behnam Banieqbal and Howard Barringer and Amir Pnueli},
	Date-Added = {2016-10-20 10:56:15 +0000},
	Date-Modified = {2016-11-08 12:02:55 +0000},
	Missinginfo = {E's 1st name.},
	Publisher = {Springer-Verlag},
	Title = {Temporal Logic in Specification},
	Topic = {temporal-logic;program-verification;},
	Year = {1989}}

@phdthesis{Barto75,
	Author = {A. G. Barto},
	Date-Added = {2016-10-20 10:50:49 +0000},
	Date-Modified = {2016-10-20 10:51:23 +0000},
	Key = {CA,models},
	School = {The University of Michigan},
	Title = {Cellular Automata as Models of Natural Systems},
	Year = {1975}}

@inproceedings{vardi95,
	Author = {Moshe Y. Vardi},
	Bibdate = {2011-06-15},
	Booktitle = {Banff Higher Order Workshop},
	Date-Added = {2016-10-20 10:46:53 +0000},
	Date-Modified = {2016-10-20 11:58:41 +0000},
	Isbn = {3-540-60915-6},
	Pages = {238--266},
	Series = {Lecture Notes in Computer Science},
	Title = {An Automata-Theoretic Approach to Linear Temporal Logic},
	Volume = {1043},
	Year = {1995},
	Bdsk-Url-1 = {http://dx.doi.org/10.1007/3-540-60915-6_6}}

@book{ject_setTheory,
	Address = {New York},
	Annote = {Monographie in axiomatischer Mengenlehre},
	Author = {Th. Jech},
	Date-Added = {2016-10-20 10:07:55 +0000},
	Date-Modified = {2016-10-20 10:08:17 +0000},
	Descriptor = {Axiomatisierung, Mengenlehre},
	Isbn = {0-12-381950-4},
	Publisher = {Academic Press},
	Title = {Set Theory},
	Year = {1978}}

@inproceedings{ajtai_lognCount,
	Acknowledgement = {Nelson H. F. Beebe, University of Utah, Department of Mathematics, 110 LCB, 155 S 1400 E RM 233, Salt Lake City, UT 84112-0090, USA, Tel: +1 801 581 5254, FAX: +1 801 581 4148, e-mail: \path|beebe@math.utah.edu|, \path|beebe@acm.org|, \path|beebe@computer.org| (Internet), URL: \path|http://www.math.utah.edu/~beebe/|},
	Address = {pub-ACM:adr},
	Author = {Miklos Ajtai and Michael Ben-Or},
	Bibdate = {Thu Feb 21 06:51:34 MST 2002},
	Bibsource = {http://portal.acm.org/},
	Booktitle = {Proceedings of the sixteenth annual {ACM} Symposium on Theory of Computing, Washington, {DC}, April 30--May 2, 1984},
	Date-Added = {2016-10-20 09:49:46 +0000},
	Date-Modified = {2016-10-20 09:49:46 +0000},
	Editor = {{ACM}},
	Isbn = {0-89791-133-4},
	Isbn-13 = {978-0-89791-133-7},
	Pages = {471--474},
	Publisher = {ACM Press},
	Title = {A theorem on probabilistic constant depth {Computations}},
	Year = {1984}}

@article{raz_natProof,
	Author = {Alexander A. Razborov and Steven Rudich},
	Date-Added = {2016-10-20 09:49:46 +0000},
	Date-Modified = {2016-10-20 09:49:46 +0000},
	Journal = {Journal of Computer and System Sciences},
	Month = aug,
	Number = {1},
	Pages = {24--35},
	Title = {Natural Proofs},
	Volume = {55},
	Year = {1997}}

@inproceedings{raz_lb,
	Address = {pub-ACM:adr},
	Author = {A. A. Razborov},
	Bibdate = {Wed Feb 20 18:33:47 MST 2002},
	Booktitle = {Proceedings of the twenty-first annual {ACM} Symposium on Theory of Computing, Seattle, Washington, May 15--17, 1989},
	Date-Added = {2016-10-20 09:49:46 +0000},
	Date-Modified = {2016-10-20 09:49:46 +0000},
	Editor = {{ACM}},
	Isbn = {0-89791-307-8},
	Isbn-13 = {978-0-89791-307-2},
	Pages = {167--176},
	Publisher = {ACM Press},
	Title = {On the method of approximations},
	Year = {1989}}

@inproceedings{smol_lb,
	Address = {pub-ACM:adr},
	Author = {R. Smolensky},
	Bibdate = {Wed Feb 20 18:33:47 MST 2002},
	Booktitle = {Proceedings of the nineteenth annual {ACM} Symposium on Theory of Computing, New York City, May 25--27, 1987},
	Date-Added = {2016-10-20 09:49:46 +0000},
	Date-Modified = {2016-10-20 09:49:46 +0000},
	Editor = {{ACM}},
	Isbn = {0-89791-221-7 (paperback)},
	Isbn-13 = {978-0-89791-221-1 (paperback)},
	Pages = {77--82},
	Publisher = {ACM Press},
	Title = {Algebraic methods in the theory of lower bounds for {Boolean} circuit complexity},
	Year = {1987}}

@book{jukna_boolFuncComp,
	Address = {New York},
	Author = {Stasys Jukna},
	Date-Added = {2016-10-20 09:49:46 +0000},
	Date-Modified = {2016-10-20 09:49:46 +0000},
	Isbn = {978-3-642-24507-7},
	Pages = {xv+617},
	Publisher = {Springer-Verlag},
	Series = {Algorithms and Combinatorics},
	Title = {Boolean Function Complexity},
	Volume = {27},
	Year = {2012}}

@inproceedings{ben_expPower,
	Author = {Michael Benedikt and Leonid Libkin},
	Bibsource = {DBLP, http://dblp.uni-trier.de},
	Booktitle = {Constraint Databases},
	Date-Added = {2016-10-20 09:49:46 +0000},
	Date-Modified = {2016-10-20 09:49:46 +0000},
	Pages = {55-87},
	Title = {Expressive Power: The Finite Case},
	Year = {2000}}

@article{niw_yEq2x,
	Author = {Alexei P. Stolboushkin and Damian Niwinski},
	Bibsource = {DBLP, http://dblp.uni-trier.de},
	Date-Added = {2016-10-20 09:49:46 +0000},
	Date-Modified = {2016-10-20 09:49:46 +0000},
	Ee = {http://projecteuclid.org/euclid.jsl/1183745250},
	Journal = {J. Symb. Log.},
	Number = {2},
	Pages = {661-672},
	Title = {y = 2x vs. y = 3x},
	Volume = {62},
	Year = {1997}}

@article{nur_countQuant,
	Author = {Juha Nurmonen},
	Bibsource = {DBLP, http://dblp.uni-trier.de},
	Date-Added = {2016-10-20 09:49:46 +0000},
	Date-Modified = {2016-10-20 09:49:46 +0000},
	Ee = {http://dx.doi.org/10.1006/inco.1999.2842},
	Journal = {Inf. Comput.},
	Number = {1-2},
	Pages = {62-87},
	Title = {Counting Modulo Quantifiers on Finite Structures},
	Volume = {160},
	Year = {2000}}

@inproceedings{ltt06,
	Author = {Clemens Lautemann and Pascal Tesson and Denis Th{\'e}rien},
	Booktitle = {CSL},
	Date-Added = {2016-10-20 09:49:46 +0000},
	Date-Modified = {2016-10-20 09:49:46 +0000},
	Pages = {426-440},
	Title = {An Algebraic Point of View on the Crane Beach Property},
	Year = {2006}}

@article{lynch82,
	Author = {James F. Lynch},
	Bibsource = {DBLP, http://dblp.uni-trier.de},
	Date-Added = {2016-10-20 09:49:46 +0000},
	Date-Modified = {2016-10-20 09:49:46 +0000},
	Journal = {J. Symb. Log.},
	Number = {3},
	Pages = {659-668},
	Title = {On Sets of Relations Definable by Addition},
	Volume = {47},
	Year = {1982}}

@article{krebs_infGroups,
	Author = {Andreas Krebs and Klaus-J{\"o}rn Lange and Stephanie Reifferscheid},
	Bibsource = {DBLP, http://dblp.uni-trier.de},
	Date-Added = {2016-10-20 09:49:46 +0000},
	Date-Modified = {2016-10-20 09:49:46 +0000},
	Ee = {http://dx.doi.org/10.1007/s00224-006-1310-2},
	Journal = {Theory Comput. Syst.},
	Number = {4},
	Pages = {303-325},
	Title = {Characterizing {TC}$^{\mbox{0}}$ in Terms of Infinite Groups},
	Volume = {40},
	Year = {2007}}

@inproceedings{behle_foLessUniform,
	Author = {Christoph Behle and Klaus-J{\"o}rn Lange},
	Bibsource = {DBLP, http://dblp.uni-trier.de},
	Booktitle = {IEEE Conference on Computational Complexity},
	Date-Added = {2016-10-20 09:49:46 +0000},
	Date-Modified = {2016-10-20 09:49:46 +0000},
	Ee = {http://doi.ieeecomputersociety.org/10.1109/CCC.2006.20},
	Pages = {183-189},
	Title = {{FO}[$<$]-Uniformity},
	Year = {2006}}

@article{mckenzie_extUniformity,
	Author = {Pierre McKenzie and Michael Thomas and Heribert Vollmer},
	Date-Added = {2016-10-20 09:49:46 +0000},
	Date-Modified = {2016-10-20 09:49:46 +0000},
	Doi = {10.1137/080741811},
	Journal = {SIAM Journal on Computing},
	Keywords = {Boolean circuits; uniformity; descriptive complexity},
	Number = {7},
	Pages = {3186-3206},
	Publisher = {SIAM},
	Title = {Extensional Uniformity for Boolean Circuits},
	Url = {http://link.aip.org/link/?SMJ/39/3186/1},
	Volume = {39},
	Year = {2010},
	Bdsk-Url-1 = {http://link.aip.org/link/?SMJ/39/3186/1},
	Bdsk-Url-2 = {http://dx.doi.org/10.1137/080741811}}

@inproceedings{bddMultiPartyCommCompl,
	Author = {Arkadev Chattopadhyay and Andreas Krebs and Michal Kouck{\'y} and Mario Szegedy and Pascal Tesson and Denis Th{\'e}rien},
	Booktitle = {STACS},
	Date-Added = {2016-10-20 09:49:46 +0000},
	Date-Modified = {2016-10-20 09:49:46 +0000},
	Pages = {500-511},
	Title = {Languages with Bounded Multiparty Communication Complexity},
	Year = {2007}}

@inproceedings{koucky_wiresVsGates,
	Author = {Michal Kouck{\'y} and Pavel Pudl{\'a}k and Denis Th{\'e}rien},
	Booktitle = {STOC},
	Date-Added = {2016-10-20 09:49:46 +0000},
	Date-Modified = {2016-10-20 09:49:46 +0000},
	Pages = {257-265},
	Title = {Bounded-depth circuits: separating wires from gates},
	Year = {2005}}

@inproceedings{barr_superLinLBBWBP,
	Author = {David A. Mix Barrington and Howard Straubing},
	Bibsource = {DBLP, http://dblp.uni-trier.de},
	Booktitle = {Structure in Complexity Theory Conference},
	Date-Added = {2016-10-20 09:49:46 +0000},
	Date-Modified = {2016-10-20 09:49:46 +0000},
	Pages = {305-313},
	Title = {Superlinear Lower Bounds for Bounded-Width Branching Programs},
	Year = {1991}}

@inproceedings{behle_regLangMajQnt,
	Author = {Christoph Behle and Andreas Krebs and Stephanie Reifferscheid},
	Bibsource = {DBLP, http://dblp.uni-trier.de},
	Booktitle = {Developments in Language Theory},
	Date-Added = {2016-10-20 09:49:46 +0000},
	Date-Modified = {2016-10-20 09:49:46 +0000},
	Ee = {http://dx.doi.org/10.1007/978-3-642-02737-6_7},
	Pages = {91-102},
	Title = {Regular Languages Definable by Majority Quantifiers with Two Variables},
	Year = {2009}}

@inproceedings{behle_nonSolvGrpsNotinMaj,
	Author = {Christoph Behle and Andreas Krebs and Stephanie Reifferscheid},
	Bibsource = {DBLP, http://dblp.uni-trier.de},
	Booktitle = {LATA},
	Date-Added = {2016-10-20 09:49:46 +0000},
	Date-Modified = {2016-10-20 09:49:46 +0000},
	Ee = {http://dx.doi.org/10.1007/978-3-642-00982-2_11},
	Pages = {129-140},
	Title = {Non-solvable Groups Are Not in {FO+MOD+M{\^A}J2[REG]}},
	Year = {2009}}

@inproceedings{str_inexpRegLan,
	Author = {Howard Straubing},
	Bibsource = {DBLP, http://dblp.uni-trier.de},
	Booktitle = {Developments in Language Theory},
	Date-Added = {2016-10-20 09:49:46 +0000},
	Date-Modified = {2016-10-20 09:49:46 +0000},
	Ee = {http://dx.doi.org/10.1007/11505877_6},
	Pages = {69-77},
	Title = {Inexpressibility Results for Regular Languages in Nonregular Settings},
	Year = {2005}}

@book{vollmer_book,
	Address = {Berlin-Heidelberg-New York-Barcelona-Hong Kong-London-Milan-Paris-Singapur-Tokyo},
	Author = {Heribert Vollmer},
	Cdate = {1970-01-01},
	Date-Added = {2016-10-20 09:49:46 +0000},
	Date-Modified = {2016-10-20 09:49:46 +0000},
	Mdate = {2005-08-18},
	Pages = {xi, 270},
	Publisher = {Springer-Verlag},
	Title = {Introduction to circuit complexity},
	Year = {1999}}

@article{barr_NC1,
	Author = {David A. Barrington},
	Date-Added = {2016-10-20 09:49:46 +0000},
	Date-Modified = {2016-10-20 09:49:46 +0000},
	Journal = {Journal of Computer and System Sciences},
	Month = feb,
	Number = {1},
	Pages = {150--164},
	Preliminary = {STOC::Barrington1986},
	Title = {Bounded-Width Polynomial-Size Branching Programs Recognize Exactly Those Languages in {$NC^1$}},
	Volume = {38},
	Year = {1989}}

@book{str_cirBook,
	Author = {Howard Straubing},
	Date-Added = {2016-10-20 09:49:46 +0000},
	Date-Modified = {2016-10-30 17:43:06 +0000},
	Isbn = {3-7643-3719-2},
	Publisher = {Birkhauser Verlag},
	Title = {Finite automata, formal logic, and circuit complexity},
	Year = {1994}}

@article{presburger_foplus,
	Author = {Moj\.{z}esz Presburger},
	Date-Added = {2016-10-20 09:49:46 +0000},
	Date-Modified = {2016-10-20 09:49:46 +0000},
	Journal = {Comptes Rendus, {I.} Congr\`es de Math\'ematiciens des pays slaves, Warsaw},
	Pages = {192-201},
	Title = {\"{U}ber die {V}ollst\"{a}ndigkeit eines gewissen {S}ystems der {A}rithmetik ganzer {Z}ahlen, in welchem die {A}ddition als einzige {O}peration hervortritt},
	Year = {1929}}

@book{ebbinghaus_book,
	Author = {Ebbinghaus, H.D. and Flum, J. and Thomas, W.},
	Date-Added = {2016-10-20 09:49:46 +0000},
	Date-Modified = {2016-10-20 09:49:46 +0000},
	Isbn = {9780387942582},
	Lccn = {97108485},
	Publisher = {Springer},
	Series = {Undergraduate Texts in Mathematics},
	Title = {Mathematical Logic},
	Year = {1994}}

@book{libkin_FMT,
	Address = {Berlin},
	Author = {Leonid Libkin},
	Date-Added = {2016-10-20 09:49:46 +0000},
	Date-Modified = {2016-10-20 09:49:46 +0000},
	Isbn = {3-540-21202-7},
	Publisher = {Springer-Verlag},
	Title = {Elements of Finite Model Theory},
	Topic = {finite-model-theory;},
	Xref = {Review: lindell-weinstein_s1:2007a.},
	Year = {2004}}

@book{eil_autLang,
	Address = {New York, NY},
	Author = {S. Eilenberg},
	Date-Added = {2016-10-20 09:49:46 +0000},
	Date-Modified = {2016-10-20 09:49:46 +0000},
	Publisher = {Academic Press},
	Title = {Automata, Languages and Machines, Vol.\ {A}},
	Year = {1974}}

@article{lin_genQuant,
	Author = {Per Lindstr{\"o}m},
	Date-Added = {2016-10-20 09:49:46 +0000},
	Date-Modified = {2016-10-20 09:49:46 +0000},
	Journal = {Theoria},
	Pages = {186--195},
	Title = {First order predicate logic with generalized quantifiers},
	Volume = {32},
	Year = {1966}}

@article{str_regGenQnt,
	Author = {Howard Straubing and Denis Th{\'e}rien and Wolfgang Thomas},
	Bibdate = {2011-07-06},
	Bibsource = {DBLP, http://dblp.uni-trier.de/db/journals/iandc/iandc118.html#StraubingTT95},
	Date-Added = {2016-10-20 09:49:46 +0000},
	Date-Modified = {2016-10-20 09:49:46 +0000},
	Journal = {Inf. Comput},
	Month = may,
	Number = {2},
	Pages = {289--301},
	Title = {Regular Languages Defined with Generalized Quanifiers},
	Url = {http://dx.doi.org/10.1006/inco.1995.1067},
	Volume = {118},
	Year = {1995},
	Bdsk-Url-1 = {http://dx.doi.org/10.1006/inco.1995.1067}}

@article{imm_langComp,
	Author = {Neil Immerman},
	Coden = {SMJCAT},
	Date-Added = {2016-10-20 09:49:46 +0000},
	Date-Modified = {2016-10-20 09:49:46 +0000},
	Issn = {0097-5397 (print), 1095-7111 (electronic)},
	Issn-L = {0097-5397},
	Journal = {SIAM Journal on Computing},
	Month = aug,
	Number = {4},
	Pages = {760--778},
	Title = {Languages that Capture Complexity Classes},
	Volume = {16},
	Year = {1987}}

@article{barr_uniformNC1,
	Author = {David A. Mix Barrington and Neil Immerman and Howard Straubing},
	Date-Added = {2016-10-20 09:49:46 +0000},
	Date-Modified = {2016-10-20 09:49:46 +0000},
	Journal = {Journal of Computer and System Sciences},
	Month = dec,
	Number = {3},
	Pages = {274--306},
	Title = {On Uniformity within {$NC^1$}},
	Volume = {41},
	Year = {1990}}

@article{barr_cbconj,
	Author = {David A. Mix Barrington and Neil Immerman and Clemens Lautemann and Nicole Schweikardt and Denis Th{\'e}rien},
	Bibsource = {DBLP, http://dblp.uni-trier.de},
	Date-Added = {2016-10-20 09:49:46 +0000},
	Date-Modified = {2016-10-20 09:49:46 +0000},
	Ee = {http://dx.doi.org/10.1016/j.jcss.2004.07.004},
	Journal = {J. Comput. Syst. Sci.},
	Number = {2},
	Pages = {101-127},
	Title = {First-order expressibility of languages with neutral letters or: The {C}rane {B}each conjecture},
	Volume = {70},
	Year = {2005}}

@article{roy_defGenFO,
	Author = {Amitabha Roy and Howard Straubing},
	Bibdate = {2007-06-02},
	Bibsource = {DBLP, http://dblp.uni-trier.de/db/journals/siamcomp/siamcomp37.html#RoyS07},
	Date-Added = {2016-10-20 09:49:46 +0000},
	Date-Modified = {2016-10-20 09:49:46 +0000},
	Journal = {SIAM J. Comput},
	Number = {2},
	Pages = {502--521},
	Title = {Definability of Languages by Generalized First-Order Formulas over {$(N,+)$}},
	Url = {http://dx.doi.org/10.1137/060658035},
	Volume = {37},
	Year = {2007},
	Bdsk-Url-1 = {http://dx.doi.org/10.1137/060658035}}

@article{libkin_relIntrStruc,
	Author = {Michael Benedikt and Leonid Libkin},
	Bibdate = {2003-11-20},
	Bibsource = {DBLP, http://dblp.uni-trier.de/db/journals/jacm/BenediktL00.html; DBLP, http://dblp.uni-trier.de/db/journals/jacm/jacm47.html#BenediktL00},
	Cdrom = {JACM/47/P0644.pdf},
	Date-Added = {2016-10-20 09:49:46 +0000},
	Date-Modified = {2016-10-20 09:49:46 +0000},
	Journal = {J. ACM},
	Number = {4},
	Pages = {644--680},
	Title = {Relational queries over interpreted structures},
	Url = {http://doi.acm.org/10.1145/347476.347477},
	Volume = {47},
	Year = {2000},
	Bdsk-Url-1 = {http://doi.acm.org/10.1145/347476.347477}}

@book{immerman_book,
	Author = {Neil Immerman},
	Bibdate = {2011-04-20},
	Date-Added = {2016-10-20 09:49:46 +0000},
	Date-Modified = {2016-10-20 09:49:46 +0000},
	Isbn = {978-0-387-98600-5},
	Pages = {I--XVI, 1--268},
	Publisher = {Springer},
	Series = {Graduate texts in CS},
	Title = {Descriptive complexity},
	Year = {1999}}

@article{furst_parity,
	Author = {Merrick L. Furst and James B. Saxe and Michael Sipser},
	Bibdate = {2011-06-03},
	Bibsource = {DBLP, http://dblp.uni-trier.de/db/journals/mst/mst17.html#FurstSS84},
	Date-Added = {2016-10-20 09:49:46 +0000},
	Date-Modified = {2016-10-20 09:49:46 +0000},
	Journal = {Mathematical Systems Theory},
	Number = {1},
	Pages = {13--27},
	Title = {Parity, Circuits, and the Polynomial-Time Hierarchy},
	Url = {http://dx.doi.org/10.1007/BF01744431},
	Volume = {17},
	Year = {1984},
	Bdsk-Url-1 = {http://dx.doi.org/10.1007/BF01744431}}

@article{lautemann_logcfl,
	Author = {Clemens Lautemann and Pierre McKenzie and Thomas Schwentick and Heribert Vollmer},
	Bibdate = {2011-07-05},
	Bibsource = {DBLP, http://dblp.uni-trier.de/db/journals/jcss/jcss62.html#LautemannMSV01},
	Date-Added = {2016-10-20 09:49:46 +0000},
	Date-Modified = {2016-10-20 09:49:46 +0000},
	Journal = {J. Comput. Syst. Sci},
	Number = {4},
	Pages = {629--652},
	Title = {The Descriptive Complexity Approach to {LOGCFL}},
	Url = {http://dx.doi.org/10.1006/jcss.2000.1742},
	Volume = {62},
	Year = {2001},
	Bdsk-Url-1 = {http://dx.doi.org/10.1006/jcss.2000.1742}}

@inproceedings{ruhl_FOUnc,
	Address = {Washington - Brussels - Tokyo},
	Author = {M. Ruhl},
	Booktitle = {14th Symposium on Logic in Computer Science ({LICS}'99)},
	Date-Added = {2016-10-20 09:49:46 +0000},
	Date-Modified = {2016-10-20 09:49:46 +0000},
	Isbn = {0-7695-0158-3},
	Month = jul,
	Pages = {326--335},
	Publisher = {IEEE},
	Title = {Counting and Addition Cannot Express Deterministic Transitive Closure},
	Year = {1999}}

@article{robinson,
	Author = {Raphael M. Robinson},
	Date-Added = {2016-10-20 09:49:46 +0000},
	Date-Modified = {2016-10-20 09:49:46 +0000},
	Journal = {Proc. Amer. Math. Soc.},
	Pages = {238--242},
	Title = {Restricted set-theoretical definitions in arithmetic},
	Volume = {9},
	Year = {1958}}

@article{Buchi,
	Author = {J. Richard B\"uchi},
	Date-Added = {2016-10-20 09:49:46 +0000},
	Date-Modified = {2016-10-20 09:49:46 +0000},
	Journal = {Z. Math. Logik Grundl. Math.},
	Pages = {66--92},
	Title = {Weak second-order arithmetic and finite automata},
	Volume = {6},
	Year = {1960}}

@article{hodgson,
	Author = {Bernard R. Hodgson},
	Date-Added = {2016-10-20 09:49:46 +0000},
	Date-Modified = {2016-10-20 09:49:46 +0000},
	Journal = {Theoretical computer science},
	Pages = {331--335},
	Title = {On direct products of automaton decidable theories},
	Volume = {19},
	Year = {1982}}

@book{hodges,
	Author = {Wilfrid A. Hodges},
	Date-Added = {2016-10-20 09:49:46 +0000},
	Date-Modified = {2016-10-20 09:49:46 +0000},
	Publisher = {Cambridge},
	Title = {A shorter model theory},
	Year = {1997}}

@book{apostol_noTheory,
	Author = {Tom M. Apostol},
	Date-Added = {2016-10-20 09:49:46 +0000},
	Date-Modified = {2016-10-20 09:49:46 +0000},
	Publisher = {Springer-Verlag},
	Title = {Introduction to Analytic Number Theory},
	Year = {1976}}

@book{HE64,
	Author = {Herstein, I. N.},
	Date-Added = {2016-10-20 09:49:46 +0000},
	Date-Modified = {2016-10-20 09:49:46 +0000},
	Publisher = {Blaisdell},
	Title = {Topics in Algebra},
	Year = 1964}

@incollection{thomas,
	Author = {Wolfgang Thomas},
	Booktitle = {Handbook of formal language theory},
	Date-Added = {2016-10-20 09:49:46 +0000},
	Date-Modified = {2016-10-20 09:49:46 +0000},
	Editors = {G. Rozenberg and A. Salomaa},
	Pages = {389--455},
	Publisher = {Springer},
	Title = {Languages, automata and logic},
	Volume = {III},
	Year = {1997}}

@article{paris_countingSets,
	Author = {Paris, Jeff and Wilkie, Alex},
	Date-Added = {2016-10-20 09:49:46 +0000},
	Date-Modified = {2016-10-20 09:49:46 +0000},
	Journal = {Fundam. Math. 127},
	Pages = {67-76},
	Title = {Counting {$\Delta_0$} sets},
	Year = {1986}}

@article{EL,
	Author = {Zolt\'an \'Esik and Kim G. Larsen},
	Date-Added = {2016-10-20 09:49:46 +0000},
	Date-Modified = {2016-10-20 09:49:46 +0000},
	Journal = {RAIRO - Theoret. Inform. Appl.},
	Pages = {179--241},
	Title = {Regular languages definable by {L}indstr\"om quantifiers},
	Volume = {37},
	Year = {2003}}

@article{salomaa_afaStarfree,
	Address = {Essex, UK},
	Author = {Kai Salomaa and Sheng Yu},
	Date-Added = {2016-10-20 09:49:46 +0000},
	Date-Modified = {2016-10-20 09:49:46 +0000},
	Doi = {http://dx.doi.org/10.1016/S0304-3975(98)00047-4},
	Issn = {0304-3975},
	Journal = {Theor. Comput. Sci.},
	Number = {1-2},
	Pages = {167--176},
	Publisher = {Elsevier Science Publishers Ltd.},
	Title = {Alternating finite automata and star-free languages},
	Volume = {234},
	Year = {2000},
	Bdsk-Url-1 = {http://dx.doi.org/10.1016/S0304-3975(98)00047-4}}

@inproceedings{rosu_algoMemExtRegExp,
	Author = {Grigore Rosu},
	Bibsource = {DBLP, http://dblp.uni-trier.de},
	Booktitle = {FoSSaCS},
	Crossref = {DBLP:conf/fossacs/2007},
	Date-Added = {2016-10-20 09:49:46 +0000},
	Date-Modified = {2016-10-20 09:49:46 +0000},
	Ee = {http://dx.doi.org/10.1007/978-3-540-71389-0_24},
	Pages = {332-345},
	Title = {An Effective Algorithm for the Membership Problem for Extended Regular Expressions},
	Year = {2007}}

@inproceedings{petersen_memSemiRegExp,
	Address = {London,UK},
	Author = {Petersen,,Holger},
	Booktitle = {19th STACS},
	Date-Added = {2016-10-20 09:49:46 +0000},
	Date-Modified = {2016-10-20 09:49:46 +0000},
	Isbn = {3-540-43283-3},
	Pages = {513--522},
	Publisher = {Springer-Verlag},
	Title = {The Membership Problem for Regular Expressions with Intersection Is Complete in LOGCFL},
	Year = {2002}}

@article{jiang_spaceCompFA,
	Address = {Amsterdam, The Netherlands, The Netherlands},
	Author = {Jiang,, Tao and Ravikumar,, B.},
	Date-Added = {2016-10-20 09:49:46 +0000},
	Date-Modified = {2016-10-20 09:49:46 +0000},
	Doi = {http://dx.doi.org/10.1016/S0020-0190(05)80006-7},
	Issn = {0020-0190},
	Journal = {Inf. Process. Lett.},
	Number = {1},
	Pages = {25--31},
	Publisher = {Elsevier North-Holland, Inc.},
	Title = {A note on the space complexity of some decision problems for finite automata},
	Volume = {40},
	Year = {1991},
	Bdsk-Url-1 = {http://dx.doi.org/10.1016/S0020-0190(05)80006-7}}

@article{alur_tempLogic,
	Author = {Rajeev Alur and Thomas A. Henzinger},
	Booktitle = {Journal of the ACM},
	Date-Added = {2016-10-20 09:49:46 +0000},
	Date-Modified = {2016-10-20 09:49:46 +0000},
	Pages = {164--169},
	Publisher = {IEEE Computer Society Press},
	Title = {A really temporal logic},
	Year = {1994}}

@phdthesis{fellah_afaRelatedProblems,
	Address = {Kent, OH, USA},
	Author = {Abdelaziz Fellah},
	Date-Added = {2016-10-20 09:49:46 +0000},
	Date-Modified = {2016-10-20 09:49:46 +0000},
	Order_No = {UMI Order No. GAX92-14661},
	Publisher = {Kent State University},
	Title = {Alternating finite automata and related problems},
	Year = {1992}}

@phdthesis{stockmeyer_compAutomataLogic,
	Author = {Stockmeyer,, Larry},
	Date-Added = {2016-10-20 09:49:46 +0000},
	Date-Modified = {2016-10-20 09:49:46 +0000},
	School = {MIT},
	Title = {Complexity of Decision problems in Automata and Logic},
	Year = {1974}}

@article{nerode_dfa,
	Author = {A. Nerode},
	Copyright = {Copyright c 1958 American Mathematical Society},
	Date-Added = {2016-10-20 09:49:46 +0000},
	Date-Modified = {2016-10-20 09:49:46 +0000},
	Issn = {00029939},
	Journal = {Proceedings of the American Mathematical Society},
	Jstor_Articletype = {research-article},
	Jstor_Formatteddate = {Aug., 1958},
	Language = {English},
	Number = {4},
	Pages = {pp. 541--544},
	Publisher = {American Mathematical Society},
	Title = {Linear Automaton Transformations},
	Volume = {9},
	Year = {1958}}

@book{eilenberg_book,
	Address = {New York},
	Annote = {Im Mittelpunkt stehen Transformationshalbgruppen und
		 ihre Zerlegungssaetze sowie der Zusammenhang mit
		 sequentiellen Funktionen. Es handelt sich um eine
		 ausfuehrliche, sehr schoene Darstellung.},
	Author = {Samuel Eilenberg},
	Date-Added = {2016-10-20 09:49:46 +0000},
	Date-Modified = {2016-10-20 09:49:46 +0000},
	Descriptor = {Halbgruppe, Halbgruppenkomplexitaet, Komplexitaet, Transformationshalbgruppe, Varietaet, Zerlegungstheorie},
	Edition = {1},
	Isbn = {0-12-234002-7},
	Publisher = {Academic Press},
	Title = {Automata, Languages, and Machines},
	Year = {1976}}

@inproceedings{kleene,
	Address = {Princeton, NJ},
	Author = {S. C. Kleene},
	Booktitle = {Automata studies},
	Cdate = {1970-01-01},
	Date-Added = {2016-10-20 09:49:46 +0000},
	Date-Modified = {2016-10-20 09:49:46 +0000},
	Editor = {C. E. Shannon and J. McCarthy},
	Mdate = {2005-08-18},
	Pages = {3--40},
	Publisher = {Princeton University Press},
	Title = {Representation of events in nerve nets and finite automata},
	Year = {1956}}

@techreport{myhill_dfa,
	Author = {J. Myhill},
	Date-Added = {2016-10-20 09:49:46 +0000},
	Date-Modified = {2016-10-20 09:49:46 +0000},
	Institution = {WADC},
	Number = {57-624},
	Title = {Finite Automata and the Representation of Events},
	Year = {1957}}

@inproceedings{baz_tempLgc,
	Author = {Baziramwabo,, Augustin and McKenzie,, Pierre and Th\'{e}rien,, Denis},
	Booktitle = {Proc. 14th LICS},
	Date-Added = {2016-10-20 09:49:46 +0000},
	Date-Modified = {2016-10-20 09:49:46 +0000},
	Isbn = {0-7695-0158-3},
	Pages = {344},
	Publisher = {IEEE},
	Title = {Modular temporal logic},
	Year = {1999}}

@article{sch_finMon,
	Author = {Sch{\"u}tzenberger,, Marcel-Paul},
	Date-Added = {2016-10-20 09:49:46 +0000},
	Date-Modified = {2016-10-20 09:49:46 +0000},
	Journal = {Inf. Contr.},
	Pages = {190-194},
	Title = {On finite monoids having only trivial subgroups},
	Volume = {8},
	Year = {1965}}

@article{sch_ul,
	Author = {Marcel Paul Sch{\"u}tzenberger},
	Date-Added = {2016-10-20 09:49:46 +0000},
	Date-Modified = {2016-10-20 09:49:46 +0000},
	Journal = {Semigroup Forum},
	Pages = {47--75},
	Title = {Sur le produit de concat{\'e}nation non ambigu},
	Volume = {13},
	Year = {1976}}

@inproceedings{lohrey_autStruc,
	Author = {Markus Lohrey},
	Bibdate = {2003-11-24},
	Bibsource = {DBLP, http://dblp.uni-trier.de/db/conf/lpar/lpar2003.html#Lohrey03},
	Booktitle = {10th LPAR, Almaty},
	Date-Added = {2016-10-20 09:49:46 +0000},
	Date-Modified = {2016-10-20 09:49:46 +0000},
	Editor = {Moshe Y. Vardi and Andrei Voronkov},
	Isbn = {3-540-20101-7},
	Pages = {346--360},
	Publisher = {Springer},
	Series = {LNCS},
	Title = {Automatic Structures of Bounded Degree},
	Volume = {2850},
	Year = {2003}}

@inproceedings{vardi_Pspace,
	Address = {Washington, DC, USA},
	Author = {Pan, Guoqiang and Vardi, Moshe Y.},
	Booktitle = {LICS '06: Proceedings of the 21st Annual IEEE Symposium on Logic in Computer Science},
	Date-Added = {2016-10-20 09:49:46 +0000},
	Date-Modified = {2016-10-20 09:49:46 +0000},
	Doi = {http://dx.doi.org/10.1109/LICS.2006.25},
	Isbn = {0-7695-2631-4},
	Pages = {27--36},
	Publisher = {IEEE Computer Society},
	Title = {Fixed-Parameter Hierarchies inside {PSPACE}},
	Year = {2006},
	Bdsk-Url-1 = {http://dx.doi.org/10.1109/LICS.2006.25}}

@article{immerman_FO2,
	Author = {Philipp Weis and Neil Immerman},
	Date-Added = {2016-10-20 09:49:46 +0000},
	Date-Modified = {2016-10-20 09:49:46 +0000},
	Ee = {http://arxiv.org/abs/0907.0616},
	Journal = {Logical Methods in Computer Science},
	Number = {3},
	Title = {Structure Theorem and Strict Alternation Hierarchy for {$FO^2$} on Words},
	Volume = {5},
	Year = {2009}}

@article{DS,
	Author = {St\'ephane Demri and Philippe Schnoebelen},
	Date-Added = {2016-10-20 09:49:46 +0000},
	Date-Modified = {2016-10-20 09:49:46 +0000},
	Journal = {Inf. Comput.},
	Number = {1},
	Pages = {84-103},
	Title = {The complexity of propositional linear temporal logic in simple cases},
	Volume = {174},
	Year = {2002}}

@article{Fine,
	Author = {Fine,,Kit},
	Date-Added = {2016-10-20 09:49:46 +0000},
	Date-Modified = {2016-10-20 09:49:46 +0000},
	Journal = {Theoria},
	Pages = {336-346},
	Title = {Propositional quantifiers in modal logic},
	Volume = {36},
	Year = {1970}}

@article{FL,
	Author = {Fischer,, Michael J. and Ladner,,Richard E.},
	Date-Added = {2016-10-20 09:49:46 +0000},
	Date-Modified = {2016-10-20 09:49:46 +0000},
	Journal = {J. Comp. Syst. Sci.},
	Number = {2},
	Pages = {194-211},
	Title = {Propositional dynamic logic of regular programs},
	Volume = {18},
	Year = {1979}}

@article{HKP,
	Author = {Harel,, David and Kozen,, Dexter~C. and Parikh,, Rohit~J.},
	Date-Added = {2016-10-20 09:49:46 +0000},
	Date-Modified = {2016-10-20 09:49:46 +0000},
	Journal = {J. Comp. Syst. Sci.},
	Pages = {144-170},
	Title = {Process logic: expressiveness, decidability, completeness},
	Volume = {25},
	Year = {1982}}

@article{HS,
	Author = {Harel,, David and Sherman,, Rivi},
	Date-Added = {2016-10-20 09:49:46 +0000},
	Date-Modified = {2016-10-20 09:49:46 +0000},
	Journal = {Inf. Contr.},
	Number = {1-3},
	Pages = {119-135},
	Title = {Dynamic logic of flowcharts},
	Volume = {64},
	Year = {1985}}

@article{HT,
	Author = {Henriksen,, Jesper~G. and Thiagarajan,, P.S.},
	Date-Added = {2016-10-20 09:49:46 +0000},
	Date-Modified = {2016-10-20 09:49:46 +0000},
	Journal = {Ann. Pure Appl. Logic},
	Number = {1-3},
	Pages = {187-207},
	Title = {Dynamic linear time temporal logic},
	Volume = {96},
	Year = {1999}}

@book{Zhou,
	Author = {Zhou Chaochen},
	Date-Added = {2016-10-20 09:49:46 +0000},
	Date-Modified = {2016-10-20 09:49:46 +0000},
	Publisher = {Springer},
	Title = {Duration calculus},
	Year = {2007}}

@article{KP,
	Author = {Dexter C.~Kozen and Rohit J.~Parikh},
	Date-Added = {2016-10-20 09:49:46 +0000},
	Date-Modified = {2016-10-20 09:49:46 +0000},
	Journal = {Theoret. Comp. Sci.},
	Pages = {113-118},
	Title = {An elementary proof of the completeness of PDL},
	Volume = {14},
	Year = {1981}}

@book{arora_book,
	Author = {Sanjeev Arora and Boaz Barak},
	Bibdate = {2011-02-09},
	Date-Added = {2016-10-20 09:49:46 +0000},
	Date-Modified = {2016-10-20 09:49:46 +0000},
	Isbn = {978-0-521-42426-4},
	Pages = {I--XXIV, 1--579},
	Publisher = {Cambridge University Press},
	Title = {Computational Complexity - {A} Modern Approach},
	Url = {http://www.cambridge.org/catalogue/catalogue.asp?isbn=9780521424264},
	Year = {2009},
	Bdsk-Url-1 = {http://www.cambridge.org/catalogue/catalogue.asp?isbn=9780521424264}}

@inproceedings{LMP,
	Author = {Laroussinie,, Fran\c{c}ois and Meyer,, Antoine and Petonnet,, Eudes},
	Booktitle = {Proc. Fossacs},
	Date-Added = {2016-10-20 09:49:46 +0000},
	Date-Modified = {2016-10-20 09:49:46 +0000},
	Pages = {206-220},
	Series = {LNCS},
	Title = {Counting {CTL}},
	Volume = {6014},
	Year = {2010}}

@inproceedings{LMP2,
	Author = {Laroussinie,, Fran\c{c}ois and Meyer,, Antoine and Petonnet,, Eudes},
	Booktitle = {Proc. Time},
	Date-Added = {2016-10-20 09:49:46 +0000},
	Date-Modified = {2016-10-20 09:49:46 +0000},
	Pages = {to appear},
	Title = {Counting {LTL}},
	Year = {2010}}

@article{Pnueli,
	Author = {Pnueli,,Amir},
	Date-Added = {2016-10-20 09:49:46 +0000},
	Date-Modified = {2016-10-20 09:49:46 +0000},
	Journal = {Proc. 18th Found. Comp. Sci.},
	Pages = {46-57},
	Publisher = {IEEE},
	Title = {The temporal logic of programs},
	Year = {1977}}

@article{Pratt,
	Author = {Pratt,, Vaughan~R.},
	Date-Added = {2016-10-20 09:49:46 +0000},
	Date-Modified = {2016-10-20 09:49:46 +0000},
	Journal = {J. Comput. Syst. Sci.},
	Number = {2},
	Pages = {231-254},
	Title = {A near-optimal method for reasoning about action},
	Volume = {20},
	Year = {1980}}

@article{QS,
	Author = {Queille,, Jean-Pierre and Sifakis,, Joseph},
	Date-Added = {2016-10-20 09:49:46 +0000},
	Date-Modified = {2016-10-20 09:49:46 +0000},
	Editors = {Mariangiola Dezani-Ciancaglini and Ugo Montanari},
	Journal = {Proc. 5th Symp. Program, Torino, LNCS},
	Pages = {337-351},
	Title = {Specification and verification of computer systems in CESAR},
	Volume = {137},
	Year = {1982}}

@article{Sav,
	Author = {Walter J.~Savitch},
	Date-Added = {2016-10-20 09:49:46 +0000},
	Date-Modified = {2016-10-20 09:49:46 +0000},
	Editors = {Mariangiola Dezani-Ciancaglini and Ugo Montanari},
	Journal = {J. Comp. Syst. Sci.},
	Pages = {177-192},
	Title = {Relationship between nondeterministic and deterministic tape classes},
	Volume = {4},
	Year = {1970}}

@inproceedings{Sch,
	Author = {Ph. Schnoebelen},
	Bibdate = {2006-03-10},
	Booktitle = {Advances in Modal Logic},
	Date-Added = {2016-10-20 09:49:46 +0000},
	Date-Modified = {2016-10-20 09:49:46 +0000},
	Editor = {Philippe Balbiani and Nobu-Yuki Suzuki and Frank Wolter and Michael Zakharyaschev},
	Isbn = {0-9543006-2-9},
	Pages = {393--436},
	Publisher = {King's College Publications},
	Title = {The Complexity of Temporal Logic Model Checking},
	Year = {2002}}

@inproceedings{shankar,
	Author = {Natarajan Shankar},
	Booktitle = {Proc. 11th Formal Methods Europe, Copenhagen},
	Date-Added = {2016-10-20 09:49:46 +0000},
	Date-Modified = {2016-10-20 09:49:46 +0000},
	Editors = {Lars-Henrik Eriksson and Peter A. Lindsay},
	Pages = {1--20},
	Publisher = {Springer},
	Series = {LNCS},
	Title = {Little engines of proof},
	Volume = {2391},
	Year = {2002}}

@article{SC,
	Author = {Sistla,,Aravinda ~Prasad and Clarke.,,Edmund M.},
	Date-Added = {2016-10-20 09:49:46 +0000},
	Date-Modified = {2016-10-20 09:49:46 +0000},
	Journal = {J. ACM},
	Number = {3},
	Pages = {733-749},
	Title = {The complexity of propositional linear temporal logics},
	Volume = {32},
	Year = {1985}}

@article{str_regInBndVar,
	Author = {Straubing, Howard and Th\'{e}rien, Denis},
	Date-Added = {2016-10-20 09:49:46 +0000},
	Date-Modified = {2016-10-20 09:49:46 +0000},
	Journal = {Theory Comput. Syst.},
	Number = {1},
	Pages = {29--69},
	Title = {Regular languages defined by generalized first-order formulas with a bounded number of bound variables},
	Volume = {36},
	Year = {2003}}

@inproceedings{tesson_DA,
	Author = {Pascal Tesson and Denis Th{\'e}rien},
	Booktitle = {Semigroups, Algorithms, Automata and Languages 2001, Proceedings},
	Date-Added = {2016-10-20 09:49:46 +0000},
	Date-Modified = {2016-10-20 09:49:46 +0000},
	Pages = {475--500},
	Publisher = {World Scientific},
	Title = {Diamonds are Forever: {T}he Variety $\mathrm{DA}$},
	Year = {2002}}

@inproceedings{Vardi,
	Author = {Vardi,, Moshe~Y.},
	Booktitle = {Proc. 3rd Indian Conf. Log. Appl.,Chennai},
	Date-Added = {2016-10-20 09:49:46 +0000},
	Date-Modified = {2016-10-20 09:49:46 +0000},
	Editors = {R.~Ramanujan and Sundar Sarukkai},
	Pages = {89-115},
	Series = {LNAI},
	Title = {From philosophical to industrial logics},
	Volume = {5378},
	Year = {2009}}

@article{VW,
	Author = {Vardi,, Moshe~Y. and Wolper,,Pierre},
	Date-Added = {2016-10-20 09:49:46 +0000},
	Date-Modified = {2016-10-20 09:49:46 +0000},
	Journal = {Inf. Comput.},
	Number = {1},
	Pages = {1-37},
	Title = {Reasoning about infinite computations},
	Volume = {115},
	Year = {1994}}

@article{Wolper,
	Author = {Wolper,,Pierre},
	Date-Added = {2016-10-20 09:49:46 +0000},
	Date-Modified = {2016-10-20 09:49:46 +0000},
	Journal = {Inf. Contr.},
	Number = {1-2},
	Pages = {72-99},
	Title = {Temporal logic can be more expressive},
	Volume = {56},
	Year = {1983}}

@book{CGP,
	Author = {Edmund M.~Clarke Jr., Orna Grumberg and Doron Peled},
	Date-Added = {2016-10-20 09:49:46 +0000},
	Date-Modified = {2016-10-20 09:49:46 +0000},
	Publisher = {MIT Press},
	Title = {{Model checking}},
	Year = {1999}}

@article{ono_LTL,
	Author = {Ono, Hiroakira and Nakamura, Akira},
	Copyright = {Copyright {\copyright} 1980 Springer},
	Date-Added = {2016-10-20 09:49:46 +0000},
	Date-Modified = {2016-10-20 09:49:46 +0000},
	Issn = {00393215},
	Journal = {Studia Logica: An International Journal for Symbolic Logic},
	Jstor_Articletype = {primary_article},
	Jstor_Formatteddate = {1980},
	Number = {4},
	Pages = {325--333},
	Publisher = {Springer},
	Title = {On the Size of Refutation Kripke Models for Some Linear Modal and Tense Logics},
	Url = {http://www.jstor.org/stable/20014990},
	Volume = {39},
	Year = {1980},
	Bdsk-Url-1 = {http://www.jstor.org/stable/20014990}}

@article{etessami_FO2UTL,
	Address = {Duluth, MN, USA},
	Author = {Etessami, Kousha and Vardi, Moshe Y. and Wilke, Thomas},
	Date-Added = {2016-10-20 09:49:46 +0000},
	Date-Modified = {2016-10-20 09:49:46 +0000},
	Doi = {http://dx.doi.org/10.1006/inco.2001.2953},
	Issn = {0890-5401},
	Journal = {Inf. Comput.},
	Number = {2},
	Pages = {279--295},
	Publisher = {Academic Press, Inc.},
	Title = {First-order logic with two variables and unary temporal logic},
	Volume = {179},
	Year = {2002},
	Bdsk-Url-1 = {http://dx.doi.org/10.1006/inco.2001.2953}}

@article{potthoff_moduloCountTrees,
	Author = {Andreas Potthoff},
	Date-Added = {2016-10-20 09:49:46 +0000},
	Date-Modified = {2016-10-20 09:49:46 +0000},
	Journal = {Theor. Comput. Sci.},
	Number = {1},
	Pages = {97--112},
	Title = {Modulo-counting quantifiers over finite trees},
	Volume = {126},
	Year = {1994}}

@article{cooper,
	Author = {David C. Cooper},
	Date-Added = {2016-10-20 09:49:46 +0000},
	Date-Modified = {2016-10-20 09:49:46 +0000},
	Journal = {Mach. Intell.},
	Pages = {91--99},
	Title = {Theorem proving in arithmetic without multiplication},
	Volume = {7},
	Year = {1972}}

@inproceedings{cook,
	Author = {Stephen A. Cook},
	Booktitle = {STOC},
	Date-Added = {2016-10-20 09:49:46 +0000},
	Date-Modified = {2016-10-20 09:49:46 +0000},
	Pages = {151-158},
	Title = {The Complexity of Theorem-Proving Procedures},
	Year = {1971}}

@inproceedings{fischerrabin,
	Author = {Michael J. Fischer and Michael O. Rabin},
	Booktitle = {Proc. SIAM-AMS Symp. Complexity of computations},
	Date-Added = {2016-10-20 09:49:46 +0000},
	Date-Modified = {2016-10-20 09:49:46 +0000},
	Editor = {R.M. Karp},
	Pages = {27--41},
	Publisher = {Amer. Math. Soc.},
	Title = {Super-exponential complexity of {P}resburger arithmetic},
	Year = {1974}}

@article{oppen,
	Author = {Derek C. Oppen},
	Date-Added = {2016-10-20 09:49:46 +0000},
	Date-Modified = {2016-10-20 09:49:46 +0000},
	Journal = {J. Comput. Syst. Sci.},
	Number = {3},
	Pages = {323--332},
	Title = {A $2^{2^{2^{pn}}}$ upper bound on the complexity of {P}resburger arithmetic},
	Volume = {16},
	Year = {1978}}

@book{ferrante_foplus,
	Author = {Jeanne Ferrante and Charles Rackoff},
	Date-Added = {2016-10-20 09:49:46 +0000},
	Date-Modified = {2016-10-20 09:49:46 +0000},
	Publisher = {Springer},
	Series = {LNM},
	Title = {The computational complexity of logical theories},
	Volume = {718},
	Year = {1979}}

@article{berman_compLogicTh,
	Author = {Leonard Berman},
	Date-Added = {2016-10-20 09:49:46 +0000},
	Date-Modified = {2016-10-20 09:49:46 +0000},
	Journal = {Theoretical Computer Science},
	Month = may,
	Number = {1},
	Pages = {71--77},
	Title = {The Complexity of Logical Theories},
	Volume = {11},
	Year = {1980}}

@inproceedings{ruhl_cntDTC,
	Author = {Matthias Ruhl},
	Booktitle = {14th LICS},
	Date-Added = {2016-10-20 09:49:46 +0000},
	Date-Modified = {2016-10-20 09:49:46 +0000},
	Isbn = {0-7695-0158-3},
	Month = jul,
	Pages = {326--335},
	Publisher = {IEEE},
	Title = {Counting and Addition Cannot Express Deterministic Transitive Closure},
	Year = {1999}}

@article{lange_MajQuant,
	Author = {Klaus-J{\"o}rn Lange},
	Bibdate = {2004-06-25},
	Bibsource = {DBLP, http://dblp.uni-trier.de/db/conf/coco/coco2004.html#Lange04},
	Date-Added = {2016-10-20 09:49:46 +0000},
	Date-Modified = {2016-10-20 09:49:46 +0000},
	Isbn = {0-7695-2120-7},
	Journal = {IEEE Conference on Computational Complexity},
	Pages = {123--129},
	Publisher = {IEEE Computer Society},
	Title = {Some Results on Majority Quantifiers over Words},
	Year = {2004}}

@thesis{sch_thesis,
	Author = {Nicole Schweikardt},
	Bibdate = {2011-04-15},
	Date-Added = {2016-10-20 09:49:46 +0000},
	Date-Modified = {2016-10-20 09:49:46 +0000},
	Isbn = {978-3-8325-0017-7},
	Pages = {I--XI, 1--224},
	Publisher = {Universit{\"a}t Mainz},
	Title = {On the expressive power of first-order logic with built-in predicates},
	Year = {2001}}

@article{schweikardt_FOunCount,
	Author = {Nicole Schweikardt},
	Bibsource = {DBLP, http://dblp.uni-trier.de},
	Date-Added = {2016-10-20 09:49:46 +0000},
	Date-Modified = {2016-10-31 14:03:07 +0000},
	Ee = {http://doi.acm.org/10.1145/1071596.1071602},
	Journal = {ACM Transactions on Computational Logic},
	Number = {3},
	Pages = {634-671},
	Title = {Arithmetic, first-order logic, and counting quantifiers},
	Volume = {6},
	Year = {2005}}

@book{kroening_decProc,
	Author = {Kroening, Daniel and Strichman, Ofer},
	Date-Added = {2016-10-20 09:49:46 +0000},
	Date-Modified = {2016-10-20 09:49:46 +0000},
	Isbn = {3540741046, 9783540741046},
	Publisher = {Springer},
	Title = {Decision Procedures: An Algorithmic Point of View},
	Year = {2008}}

@inproceedings{gradel_dec,
	Author = {Erich Gr{\"a}del and Martin Otto and Eric Rosen},
	Booktitle = {12th LICS, Warsaw},
	Date-Added = {2016-10-20 09:49:46 +0000},
	Date-Modified = {2016-10-20 09:49:46 +0000},
	Pages = {306--317},
	Publisher = {IEEE},
	Title = {Two-Variable Logic with Counting is Decidable},
	Year = {1997}}

@article{gradel_unDec,
	Author = {Erich Gr{\"a}del and Martin Otto and Eric Rosen},
	Date-Added = {2016-10-20 09:49:46 +0000},
	Date-Modified = {2016-10-20 09:49:46 +0000},
	Journal = {Archive for Mathematical Logic},
	Pages = {213--354},
	Title = {Undecidability Results on Two-Variable Logics},
	Volume = {38},
	Year = {1999}}

@inproceedings{blumensath_aut,
	Author = {Achim Blumensath and Erich Gr\"{a}del},
	Booktitle = {15th LICS},
	Date-Added = {2016-10-20 09:49:46 +0000},
	Date-Modified = {2016-10-20 09:49:46 +0000},
	Pages = {51--62},
	Publisher = {IEEE},
	Title = {Automatic structures},
	Year = {2000}}

@inproceedings{pacholski_2varLogic,
	Author = {Leszek Pacholski and Wies{\l}aw Szwast and Lidia Tendera},
	Booktitle = {12th LICS, Warsaw},
	Date-Added = {2016-10-20 09:49:46 +0000},
	Date-Modified = {2016-10-20 09:49:46 +0000},
	Pages = {318--327},
	Publisher = {IEEE},
	Title = {Complexity of Two-Variable Logic with Counting},
	Year = {1997}}

@article{brz_eqnRegLang,
	Author = {J. A. Brzozowski and E. Leiss},
	Date-Added = {2016-10-20 09:49:46 +0000},
	Date-Modified = {2016-10-20 09:49:46 +0000},
	Journal = {Theoretical Computer Science},
	Pages = {19--35},
	Title = {On Equations for Regular Languages, Finite Automata, and Sequential Networks},
	Volume = {10},
	Year = {1980}}

@article{bruy_logic,
	Author = {V\'eronique Bruy{\`e}re and Georges Hansel and Christian Michaux and Roger Villemaire},
	Date-Added = {2016-10-20 09:49:46 +0000},
	Date-Modified = {2016-11-08 11:20:46 +0000},
	Journal = {Bulletin of the Belgian Math. Society},
	Number = {2},
	Pages = {191--238},
	Title = {Logic and $p$-recognizable Sets of Integers},
	Volume = {1},
	Year = {1994}}

@article{khou_autStruc,
	Address = {Berlin, GER},
	Author = {Bakhadyr Khoussainov and Anil Nerode},
	Date-Added = {2016-10-20 09:49:46 +0000},
	Date-Modified = {2016-10-20 09:49:46 +0000},
	Editor = {Daniel Leivant},
	Isbn = {3-540-60178-3},
	Journal = {Proceedings of the International Workshop on Logic and Computational Complexity ({LCC}'94)},
	Month = oct,
	Pages = {367--392},
	Publisher = {Springer},
	Series = {LNCS},
	Title = {Automatic Presentations of Structures},
	Volume = {960},
	Year = {1995}}

@article{khoussainov_autLinOrder,
	Author = {Bakhadyr Khoussainov and Sasha Rubin and Frank Stephan},
	Date-Added = {2016-10-20 09:49:46 +0000},
	Date-Modified = {2016-10-20 09:49:46 +0000},
	Journal = {ACMTCL: ACM Transactions on Computational Logic},
	Title = {Automatic Linear Orders and Trees},
	Volume = {6},
	Year = {2005}}

@article{lee_defFinStruc,
	Author = {Troy Lee},
	Date-Added = {2016-10-20 09:49:46 +0000},
	Date-Modified = {2016-10-20 09:49:46 +0000},
	Journal = {Math. Log. Q.},
	Number = {4},
	Pages = {385-392},
	Title = {Arithmetical definability over finite structures},
	Volume = {49},
	Year = {2003}}

@article{robinson_defStruc,
	Author = {Julia Robinson},
	Date-Added = {2016-10-20 09:49:46 +0000},
	Date-Modified = {2016-10-20 09:49:46 +0000},
	Journal = {J. Symb. Log.},
	Number = {2},
	Pages = {98-114},
	Title = {Definability and Decision Problems in Arithmetic},
	Volume = {14},
	Year = {1949}}

@article{szmielew_AbGrp,
	Author = {Szmielew, Wanda},
	Date-Added = {2016-10-20 09:49:46 +0000},
	Date-Modified = {2016-10-20 09:49:46 +0000},
	Journal = {Fundam. Math.},
	Pages = {203--271},
	Title = {Elementary properties of Abelian groups},
	Volume = {41},
	Year = {1955}}

@article{ginsburg_semigrpPresb,
	Author = {Seymour Ginsburg and Edwin Spanier},
	Cdate = {1970-01-01},
	Date-Added = {2016-10-20 09:49:46 +0000},
	Date-Modified = {2016-10-20 09:49:46 +0000},
	Journal = {Pacific J. Math.},
	Mdate = {2005-08-18},
	Number = {2},
	Pages = {285--296},
	Title = {Semigroups, {P}resburger formulas, and languages},
	Volume = {16},
	Year = {1966}}

@inproceedings{Pn1,
	Author = {A. Pnueli},
	Booktitle = {focs77},
	Date-Added = {2016-10-20 09:49:46 +0000},
	Date-Modified = {2016-10-20 09:49:46 +0000},
	Pages = {46--57},
	Title = {The temporal logic of programs},
	Year = {1977}}

@book{prior,
	Address = {Oxford},
	Author = {Arthur N. Prior},
	Date-Added = {2016-10-20 09:49:46 +0000},
	Date-Modified = {2016-10-20 09:49:46 +0000},
	Publisher = {Oxford University Press},
	Rtnote = {tmix-project;},
	Title = {Time and Modality},
	Topic = {temporal-logic;},
	Year = {1956}}

@article{hodkinson,
	Author = {Ian M. Hodkinson},
	Bibsource = {DBLP, http://dblp.uni-trier.de},
	Date-Added = {2016-10-20 09:49:46 +0000},
	Date-Modified = {2016-10-20 09:49:46 +0000},
	Ee = {http://dx.doi.org/10.1016/0304-3975(94)00084-V},
	Journal = {Theor. Comput. Sci.},
	Number = {1{\&}2},
	Pages = {1-25},
	Title = {On {G}abbay's Temporal Fixed Point Operator},
	Volume = {139},
	Year = {1995}}

@inproceedings{gpss,
	Author = {Dov Gabbay and Amir Pnueli and Sharanon Shelah and J. Stavi},
	Booktitle = {Proceedings of the Seventh {ACM} Symposium on Principles of Programming Languages},
	Date-Added = {2016-10-20 09:49:46 +0000},
	Date-Modified = {2016-10-20 09:49:46 +0000},
	Missinginfo = {editor, publisher, address},
	Organization = {{ACM}},
	Pages = {163--173},
	Title = {On the Temporal Analysis of Fairness},
	Topic = {program-verification;temporal-logic;},
	Year = {1980}}

@book{McPa71,
	Author = {{R. McNaughton} and {S. Papert}},
	Date-Added = {2016-10-20 09:49:46 +0000},
	Date-Modified = {2016-10-20 09:49:46 +0000},
	Key = {McPa71},
	Keyword = {omega},
	Publisher = {{MIT} {P}ress, {C}ambridge, {USA}},
	Title = {Counter-free Automata},
	Year = {1971}}

@inproceedings{stockmeyer,
	Acmid = {804029},
	Address = {New York, NY, USA},
	Author = {Stockmeyer, L. J. and Meyer, A. R.},
	Booktitle = {Proceedings of the fifth annual ACM symposium on Theory of computing},
	Date-Added = {2016-10-20 09:49:46 +0000},
	Date-Modified = {2016-10-20 09:49:46 +0000},
	Doi = {http://doi.acm.org/10.1145/800125.804029},
	Location = {Austin, Texas, United States},
	Numpages = {9},
	Pages = {1--9},
	Publisher = {ACM},
	Series = {STOC '73},
	Title = {Word problems requiring exponential time(Preliminary Report)},
	Url = {http://doi.acm.org/10.1145/800125.804029},
	Year = {1973},
	Bdsk-Url-1 = {http://doi.acm.org/10.1145/800125.804029}}

@inproceedings{JW,
	Acmid = {703838},
	Address = {London, UK},
	Author = {Janin, David and Walukiewicz, Igor},
	Booktitle = {Proceedings of the 7th International Conference on Concurrency Theory},
	Date-Added = {2016-10-20 09:49:46 +0000},
	Date-Modified = {2016-10-20 09:49:46 +0000},
	Isbn = {3-540-61604-7},
	Numpages = {15},
	Pages = {263--277},
	Publisher = {Springer-Verlag},
	Series = {CONCUR '96},
	Title = {On the Expressive Completeness of the Propositional mu-Calculus with Respect to Monadic Second Order Logic},
	Url = {http://portal.acm.org/citation.cfm?id=646731.703838},
	Year = {1996},
	Bdsk-Url-1 = {http://portal.acm.org/citation.cfm?id=646731.703838}}

@inproceedings{barringer,
	Acmid = {720405},
	Address = {London, UK},
	Author = {Banieqbal, Behnam and Barringer, Howard},
	Booktitle = {Temporal Logic in Specification},
	Date-Added = {2016-10-20 09:49:46 +0000},
	Date-Modified = {2016-10-20 09:49:46 +0000},
	Isbn = {3-540-51803-7},
	Numpages = {13},
	Pages = {62--74},
	Publisher = {Springer-Verlag},
	Title = {Temporal Logic with Fixed Points},
	Url = {http://portal.acm.org/citation.cfm?id=647236.720405},
	Year = {1987},
	Bdsk-Url-1 = {http://portal.acm.org/citation.cfm?id=647236.720405}}

@book{GHR,
	Address = {Oxford},
	Author = {Dov M. Gabbay and Ian Hodkinson and Mark Reynolds},
	Contentnote = {TC: 1. {"}The Handling of Time: Introduction and Survey{"} 2. {"}Semantical Presentation of Temporal Connectives{"} 3. {"}Axiomatic Presentation of Propositional Connectives{"} 4. {"}Predicate Temporal Logics{"} 5. {"}Temporal Logics Presented in the Predicate Calculus: Language-Metalanguage{"} 6. {"}A General Theory of Axiomatization for Propositional Temporal Logic{"} 7. {"}Basic Many-Dimensional Systems{"} 8. {"}Propositional Quantifiers and Fixed Point Operators{"} 9. {"}Expressive Power of One-Dimensional Temporal Connectives: Basic Concepts{"} 10. {"}Expressive Completeness of Since and Until over Integer and Real Time{"} 11. {"}Expressive Completeness of Stavi Connectives over General Linear Time{"} 12. {"}Further Expressive Completeness Results{"} 13. {"}H-Dimension{"} 14. {"}Adding a Temporal Dimension to a Logical System{"} 15. {"}Decidability in Temporal Logic{"}},
	Date-Added = {2016-10-20 09:49:46 +0000},
	Date-Modified = {2016-10-20 09:49:46 +0000},
	Isbn = {0 19 853769 7},
	Publisher = {Oxford University Press},
	Title = {Temporal Logics: Mathematical Foundations and Computational Aspects, Volume 1},
	Topic = {modal-logic;temporal-logic;},
	Year = {1994}}

@article{kupferman_memExtRegExp,
	Author = {Orna Kupferman and Sharon Zuhovitzky},
	Booktitle = {In Proceedings of the International Symposium on Mathematical Foundations of Computer Science},
	Date-Added = {2016-10-20 09:49:46 +0000},
	Date-Modified = {2016-10-20 09:49:46 +0000},
	Pages = {446},
	Publisher = {Springer-Verlag},
	Title = {An Improved Algorithm for the Membership Problem for Extended Regular Expressions},
	Year = {2002}}

@article{AKS,
	Author = {Agrawal,, Manindra and Kayal,, Neeraj and Saxena,, Nitin},
	Date-Added = {2016-10-20 09:49:46 +0000},
	Date-Modified = {2016-10-20 09:49:46 +0000},
	Journal = {Ann. Math.},
	Pages = {781-793},
	Title = {Primes is in {P}},
	Volume = {160},
	Year = {2004}}

@inproceedings{imm_descCompSurvey,
	Address = {Washington, D.C.},
	Author = {Neil Immerman},
	Booktitle = {Proceedings of the 2nd Annual Conference on Structure in Complexity Theory, CSCT'87 (Cornell University, Ithaca, NY, June 16-19, 1987)},
	Cdate = {1970-01-01},
	Date-Added = {2016-10-20 09:49:46 +0000},
	Date-Modified = {2016-10-20 09:49:46 +0000},
	Editor = {Stephen R. Mahaney},
	Mdate = {2005-08-18},
	Organization = {IEEE Computer Society},
	Pages = {194--202},
	Publisher = {Computer Society Press of the IEEE},
	Title = {Expressibility as a complexity measure: Results and directions},
	Year = {1987}}

@inproceedings{lewis_Comp,
	Address = {Washington, DC, USA},
	Author = {Lewis, Harry R.},
	Booktitle = {SFCS '78: Proceedings of the 19th Annual Symposium on Foundations of Computer Science},
	Date-Added = {2016-10-20 09:49:46 +0000},
	Date-Modified = {2016-10-20 09:49:46 +0000},
	Doi = {http://dx.doi.org/10.1109/SFCS.1978.9},
	Pages = {35--47},
	Publisher = {IEEE Computer Society},
	Title = {Complexity of solvable cases of the decision problem for the predicate calculus},
	Year = {1978},
	Bdsk-Url-1 = {http://dx.doi.org/10.1109/SFCS.1978.9}}

@inproceedings{vardi_82,
	Author = {M. Y. Vardi},
	Booktitle = {Proceedings of the 14th ACM Symposium on Theory of Computing (STOC)},
	Date-Added = {2016-10-20 09:49:46 +0000},
	Date-Modified = {2016-10-20 09:49:46 +0000},
	Pages = {137--146},
	Publisher = {ACM Press},
	Title = {The Complexity of Relational Query Languages.},
	Year = {1982}}

@article{immerman_86,
	Author = {Neil Immerman},
	Date-Added = {2016-10-20 09:49:46 +0000},
	Date-Modified = {2016-10-20 09:49:46 +0000},
	Journal = {Information and Control},
	Number = {1--3},
	Pages = {86--104},
	Title = {Relational queries computable in polynomial time},
	Volume = {68},
	Year = {1986}}

@article{todaTheorem,
	Address = {Philadelphia, PA, USA},
	Author = {Toda, Seinosuke},
	Date-Added = {2016-10-20 09:49:46 +0000},
	Date-Modified = {2016-10-20 09:49:46 +0000},
	Doi = {http://dx.doi.org/10.1137/0220053},
	Issn = {0097-5397},
	Journal = {SIAM J. Comput.},
	Number = {5},
	Pages = {865--877},
	Publisher = {Society for Industrial and Applied Mathematics},
	Title = {PP is as hard as the polynomial-time hierarchy},
	Volume = {20},
	Year = {1991},
	Bdsk-Url-1 = {http://dx.doi.org/10.1137/0220053}}

@article{EC,
	Author = {Emerson,, E.~Allen and Clarke~Jr.,, E.M.},
	Date-Added = {2016-10-20 09:49:46 +0000},
	Date-Modified = {2016-10-20 09:49:46 +0000},
	Journal = {Sci. Comp. Program.},
	Pages = {241-266},
	Title = {Using branching time temporal logic to synthesize synchronization skeletons},
	Volume = {2},
	Year = {1982}}

@article{Emerson,
	Author = {Emerson,,E.~Allen},
	Date-Added = {2016-10-20 09:49:46 +0000},
	Date-Modified = {2016-10-20 09:49:46 +0000},
	Editors = {Jan van Leeuwen},
	Journal = {Handbook of theoretical computer science},
	Pages = {995-1072},
	Publisher = {Elsevier},
	Title = {Modal and temporal logics},
	Volume = {B},
	Year = {1990}}

@book{HR,
	Author = {Michael R.A. Huth and Mark D.~Ryan},
	Date-Added = {2016-10-20 09:49:46 +0000},
	Date-Modified = {2016-10-20 09:49:46 +0000},
	Publisher = {Cambridge},
	Title = {Logic in computer science: modelling and reasoning about computer systems},
	Year = {2000}}

@inproceedings{MCpath,
	Author = {Markey,, Nicolas and Schnoebelen,, Philippe},
	Booktitle = {Proc. 14th Concur, Marseilles},
	Date-Added = {2016-10-20 09:49:46 +0000},
	Date-Modified = {2016-10-20 09:49:46 +0000},
	Editors = {Roberto M.~Amadio and Denis Lugiez},
	Pages = {251-265},
	Series = {LNCS},
	Title = {Model checking a path},
	Volume = {2761},
	Year = {2003}}

@inproceedings{gabbay,
	Acmid = {760143},
	Address = {London, UK},
	Author = {Gabbay, Dov M.},
	Booktitle = {Temporal Logic in Specification},
	Date-Added = {2016-10-20 09:49:46 +0000},
	Date-Modified = {2016-10-20 09:49:47 +0000},
	Isbn = {3-540-51803-7},
	Numpages = {40},
	Pages = {409--448},
	Publisher = {Springer-Verlag},
	Title = {The Declarative Past and Imperative Future: Executable Temporal Logic for Interactive Systems},
	Url = {http://portal.acm.org/citation.cfm?id=647236.760143},
	Year = {1987},
	Bdsk-Url-1 = {http://portal.acm.org/citation.cfm?id=647236.760143}}

@inproceedings{WVS,
	Author = {Wolper,, Pierre and Vardi,,Moshe~Y. and Sistla,,A.~Prasad},
	Booktitle = {Proc. 24th Found. Comp. Sci.,Tucson},
	Date-Added = {2016-10-20 09:49:46 +0000},
	Date-Modified = {2016-10-20 09:49:47 +0000},
	Pages = {185-194},
	Publisher = {IEEE},
	Title = {Reasoning about infinite computation paths},
	Year = {1983}}

@article{cai_noVarGrphIndent,
	Author = {Jin-yi Cai and Martin F{\"u}rer and Neil Immerman},
	Bibsource = {DBLP, http://dblp.uni-trier.de},
	Crossref = {DBLP:conf/focs/FOCS30},
	Date-Added = {2016-10-20 09:49:46 +0000},
	Date-Modified = {2016-10-20 09:49:47 +0000},
	Journal = {FOCS},
	Pages = {612-617},
	Title = {An Optimal Lower Bound on the Number of Variables for Graph Identification},
	Year = {1989}}

@article{blumensath_finPresent,
	Author = {Blumensath and Gradel},
	Date-Added = {2016-10-20 09:49:46 +0000},
	Date-Modified = {2016-10-20 09:49:47 +0000},
	Journal = {MST: Mathematical Systems Theory},
	Title = {Finite Presentations of Infinite Structures: Automata and Interpretations},
	Volume = {37},
	Year = {2004}}

@article{szmielew_acAbGrp,
	Author = {Szmielew Wanda},
	Date-Added = {2016-10-20 09:49:46 +0000},
	Date-Modified = {2016-10-20 09:49:47 +0000},
	Journal = {Bulletin of the American Mathematical Society},
	Title = {Arithmetical classes and types of Abelian groups},
	Volume = {55},
	Year = {1949}}

@inproceedings{niezette_92,
	Author = {J. St\'evenne and M. Ni\'ezette},
	Booktitle = {Int. Conf. on Information and Knowledge Management, Baltimore},
	Date-Added = {2016-10-20 09:49:46 +0000},
	Date-Modified = {2016-10-20 09:49:47 +0000},
	Month = nov,
	Title = {An Efficient Symbolic Representation of Periodic Time},
	Year = {1992}}

@article{demri_ltlPeriod,
	Author = {St{\'e}phane Demri},
	Bibdate = {2006-11-21},
	Bibsource = {DBLP, http://dblp.uni-trier.de/db/journals/tcs/tcs360.html#Demri06},
	Date-Added = {2016-10-20 09:49:46 +0000},
	Date-Modified = {2016-11-08 12:07:23 +0000},
	Journal = {Theoretical Computer Science},
	Number = {1-3},
	Pages = {96--123},
	Title = {{LTL} over integer periodicity constraints},
	Url = {http://dx.doi.org/10.1016/j.tcs.2006.02.019},
	Volume = {360},
	Year = {2006},
	Bdsk-Url-1 = {http://dx.doi.org/10.1016/j.tcs.2006.02.019}}

@book{howie_semigroup,
	Author = {Howie, J.M.},
	Date-Added = {2016-10-20 09:49:46 +0000},
	Date-Modified = {2016-10-20 09:49:47 +0000},
	Isbn = {9780198511946},
	Lccn = {lc95033373},
	Publisher = {Clarendon},
	Series = {London Mathematical Society Monographs},
	Title = {Fundamentals of Semigroup Theory},
	Url = {http://books.google.co.in/books?id=pPg6uuYuczoC},
	Year = {1995},
	Bdsk-Url-1 = {http://books.google.co.in/books?id=pPg6uuYuczoC}}

@inproceedings{pnueli_tlPgm,
	Address = {Providence, Rhode Island},
	Author = {Amir Pnueli},
	Booktitle = {18th Annual Symposium on Foundations of Computer Science},
	Date-Added = {2016-10-20 09:49:46 +0000},
	Date-Modified = {2016-10-20 09:49:47 +0000},
	Month = {31 } # oct # {--2 } # nov,
	Organization = {IEEE},
	Pages = {46--57},
	Title = {The Temporal Logic of Programs},
	Year = {1977}}

@book{fraisse_efGame,
	Address = {Paris},
	Author = {R. Fraisse},
	Date-Added = {2016-10-20 09:49:46 +0000},
	Date-Modified = {2016-10-20 09:49:47 +0000},
	Descriptor = {Formale Logik, Logik, Mathematik, Mathematische Logik, Relation},
	Edition = {2},
	Publisher = {Gauthier-Villars},
	Title = {Cours de Logique Mathematique: Relation et Formule Logique},
	Year = {1971}}

@article{ehren_efGame,
	Author = {A. Ehrenfeucht},
	Date-Added = {2016-10-20 09:49:46 +0000},
	Date-Modified = {2016-10-20 09:49:47 +0000},
	Journal = {Fund. Math.},
	Pages = {129--141},
	Title = {An Appliation of Games to the Completeness Theorem for Formalized Theories},
	Volume = {49},
	Year = {1969}}

@article{krohn_thm,
	Author = {Kenneth Krohn and John Lewis Rhodes},
	Date-Added = {2016-10-20 09:49:46 +0000},
	Date-Modified = {2016-10-20 09:49:47 +0000},
	Journal = {Transactions of the American Mathematical Society},
	Pages = {450--464},
	Title = {{Algebraic theory of machines. I: {P}rime decomposition theorem for finite semigroups and machines.}},
	Volume = {116},
	Year = {1965}}

@article{rhodes_kernelMonoidMorph,
	Author = {John Rhodes and Bret Tilson},
	Date-Added = {2016-10-20 09:49:46 +0000},
	Date-Modified = {2016-10-20 09:49:47 +0000},
	Doi = {10.1016/0022-4049(89)90137-0},
	Doi-Url = {http://dx.doi.org/10.1016/0022-4049(89)90137-0},
	Issn = {0022-4049},
	Journal = {Journal of Pure and Applied Algebra},
	Number = {3},
	Pages = {227--268},
	Title = {The kernel of monoid morphisms},
	Url = {http://www.sciencedirect.com/science/article/pii/0022404989901370},
	Volume = {62},
	Year = {1989},
	Bdsk-Url-1 = {http://www.sciencedirect.com/science/article/pii/0022404989901370},
	Bdsk-Url-2 = {http://dx.doi.org/10.1016/0022-4049(89)90137-0}}

@book{herstein_topicsInAlgebra,
	Address = {New York},
	Author = {I. N.~Herstein},
	Date-Added = {2016-10-20 09:49:46 +0000},
	Date-Modified = {2016-10-20 09:49:47 +0000},
	Edition = {2nd},
	Publisher = {John Wiley \& Sons},
	Title = {Topics in Algebra},
	Year = {1975}}

@phdthesis{fellah_phd,
	Author = {Abdelaziz Fellah},
	Bibsource = {OAI-PMH server at alcme.oclc.org},
	Date-Added = {2016-10-20 09:49:46 +0000},
	Date-Modified = {2016-10-20 09:49:47 +0000},
	Description = {Thesis (Ph. D.)--Kent State University, 1991.; Includes bibliographical references (leaves 101-105).},
	Oai = {oai:xtcat.oclc.org:OCLCNo/ocm26100068},
	School = {Kent State University},
	Subject = {Sequential machine theory.; Computational complexity.},
	Title = {Alternating finite automata and related problems},
	Year = {1991}}

@article{chandra_alternation,
	Acknowledgement = {ack-nhfb},
	Author = {Ashok K. Chandra and Dexter C. Kozen and Larry J. Stockmeyer},
	Bibdate = {Tue Oct 25 22:09:34 1994},
	Coden = {JACOAH},
	Date-Added = {2016-10-20 09:49:46 +0000},
	Date-Modified = {2016-10-20 09:49:47 +0000},
	Issn = {0004-5411},
	Journal = {Journal of the ACM},
	Keywords = {alternation; complexity},
	Month = jan,
	Number = {1},
	Pages = {114--133},
	Title = {Alternation},
	Volume = {28},
	Year = {1981}}

@book{garey_algo,
	Address = {New York, NY},
	Archive = {FREI/91 (CF/1.3/7)},
	Author = {Michael R. Garey and David S. Johnson},
	Comment = {vertex cover pp.\ 53--56},
	Date-Added = {2016-10-20 09:49:46 +0000},
	Date-Modified = {2016-10-20 09:49:47 +0000},
	Edition = {2.},
	Publisher = {Freeman},
	Title = {Computers and intractability: a guide to the theory of {NP-completeness}},
	Year = {1983}}

@book{sch_intPgmBook,
	Author = {Schrijver, A.},
	Date-Added = {2016-10-20 09:49:46 +0000},
	Date-Modified = {2016-10-20 09:49:47 +0000},
	Isbn = {9780471982326},
	Lccn = {lc85012314},
	Publisher = {John Wiley \& Sons},
	Series = {Wiley Series in Discrete Mathematics \& Optimization},
	Title = {Theory of Linear and Integer Programming},
	Url = {http://books.google.co.in/books?id=zEzW5mhppB8C},
	Year = {1998},
	Bdsk-Url-1 = {http://books.google.co.in/books?id=zEzW5mhppB8C}}

@article{lar_cntCTL,
	Author = {Fran{\c c}ois Laroussinie and Antoine Meyer and Eudes Petonnet},
	Bibdate = {2012-12-01},
	Bibsource = {DBLP, http://dblp.uni-trier.de/db/journals/corr/corr1211.html#abs-1211-4651},
	Date-Added = {2016-10-20 09:49:46 +0000},
	Date-Modified = {2016-10-20 09:49:47 +0000},
	Journal = {CoRR},
	Title = {Counting {CTL}},
	Url = {http://arxiv.org/abs/1211.4651},
	Volume = {abs/1211.4651},
	Year = {2012},
	Bdsk-Url-1 = {http://arxiv.org/abs/1211.4651}}

@book{minsky_72,
	Address = {London},
	Author = {Marvin Minsky},
	Date-Added = {2016-10-20 09:49:46 +0000},
	Date-Modified = {2016-10-20 09:49:47 +0000},
	Descriptor = {Automatentheorie, Rekursive Funktion, Theorie der Algorithmen},
	Isbn = {0-13-165449-7},
	Publisher = {Prentice Hall},
	Title = {Computation: Finite and Infinite Machines},
	Year = {1972}}

@book{hopcroft_autBook,
	Address = {Reading, Mass.},
	Author = {J. E. Hopcroft and J. D. Ullman},
	Date-Added = {2016-10-20 09:49:46 +0000},
	Date-Modified = {2016-10-20 09:49:47 +0000},
	Publisher = {Addison-Wesley},
	Title = {Introduction to automata theory, languages, and computation},
	Year = {1979}}

@book{enderton_logicBook,
	Address = {New York},
	Author = {Herbert B. Enderton},
	Date-Added = {2016-10-20 09:49:46 +0000},
	Date-Modified = {2016-10-20 09:49:47 +0000},
	Publisher = {Academic Press},
	Title = {A Mathematical Introduction to Logic},
	Year = {1972}}

@article{ragde_linearAC0,
	Author = {Prabhakar Ragde and Avi Wigderson},
	Date-Added = {2016-10-20 09:49:46 +0000},
	Date-Modified = {2016-10-20 09:49:47 +0000},
	Journal = {Information Processing Letters},
	Month = {16~} # aug,
	Number = {3},
	Pages = {143--146},
	Title = {Linear-size constant-depth polylog-threshold circuits},
	Volume = {39},
	Year = {1991}}

@article{fagin_ac0,
	Author = {R. Fagin and M. M. Klawe and N. J. Pippenger and L. Stockmeyer},
	Bibdate = {Sat Nov 22 13:29:49 MST 1997},
	Classification = {C4210 (Formal logic)},
	Coden = {TCSCDI},
	Corpsource = {IBM Res. Lab., San Jose, CA, USA},
	Date-Added = {2016-10-20 09:49:46 +0000},
	Date-Modified = {2016-10-20 09:49:47 +0000},
	Issn = {0304-3975 (print), 1879-2294 (electronic)},
	Issn-L = {0304-3975},
	Journal = {Theoretical Computer Science},
	Month = apr,
	Number = {2-3},
	Pages = {239--250},
	Pubcountry = {Netherlands A06},
	Title = {Bounded-depth, polynomial-size circuits for symmetric functions},
	Treatment = {T Theoretical or Mathematical},
	Volume = {36},
	Year = {1985}}

@book{wang,
	Author = {Wang, H. and American Telephone and Telegraph Company},
	Date-Added = {2016-10-20 09:49:46 +0000},
	Date-Modified = {2016-10-20 09:49:47 +0000},
	Publisher = {American Telephone and Telegraph Company},
	Title = {Proving Theorems by Pattern Recognition -II},
	Year = {1961}}

@inproceedings{lodaya_uitl,
	Author = {Kamal Lodaya and Paritosh K. Pandya and Simoni S. Shah},
	Booktitle = {Developments in Language Theory},
	Date-Added = {2016-10-20 09:49:46 +0000},
	Date-Modified = {2016-10-20 09:49:47 +0000},
	Pages = {303-315},
	Title = {Around Dot Depth Two},
	Year = {2010}}

@book{pin_book,
	Address = {London},
	Author = {J. E. Pin},
	Cdate = {1970-01-01},
	Date-Added = {2016-10-20 09:49:46 +0000},
	Date-Modified = {2016-10-20 09:49:47 +0000},
	Mdate = {2005-08-18},
	Pages = {138},
	Publisher = {North Oxford Academic},
	Title = {Varieties of formal languages},
	Year = {1986}}

@inproceedings{therien_fo2UL,
	Address = {New York},
	Author = {Denis Th{\'e}rien and Thomas Wilke},
	Booktitle = {Proceedings of the 30th Annual {ACM} Symposium on Theory of Computing ({STOC}-98)},
	Date-Added = {2016-10-20 09:49:46 +0000},
	Date-Modified = {2016-10-20 09:49:47 +0000},
	Month = may # {~23--26},
	Pages = {234--240},
	Publisher = {ACM Press},
	Title = {Over Words, Two Variables Are as Powerful as One Quantifier Alternation},
	Year = {1998}}

@article{pin_ul,
	Address = {New York},
	Author = {J.-E. Pin and P. Weil},
	Cdate = {1970-01-01},
	Date-Added = {2016-10-20 09:49:46 +0000},
	Date-Modified = {2016-10-20 09:49:47 +0000},
	Journal = {Theory of Computing Systems},
	Mdate = {2005-08-18},
	Note = {formerly Mathematical Systems Theory},
	Number = {4},
	Pages = {383--422},
	Publisher = {Springer-Verlag},
	Title = {Polynomial closure and unambiguous product},
	Url = {http://springerlink.metapress.com/openurl.asp?genre=article&issn=1432-4350&volume=30&issue=4&spage=383},
	Volume = {30},
	Year = {1997},
	Bdsk-Url-1 = {http://springerlink.metapress.com/openurl.asp?genre=article&issn=1432-4350&volume=30&issue=4&spage=383}}

@book{gathen_compAlgebra,
	Author = {von zur Gathen, J. and Gerhard, J.},
	Date-Added = {2016-10-20 09:49:46 +0000},
	Date-Modified = {2016-10-20 09:49:47 +0000},
	Isbn = {9780521826464},
	Lccn = {2003283128},
	Publisher = {Cambridge University Press},
	Title = {Modern Computer Algebra},
	Url = {http://books.google.co.in/books?id=NuEHj0wPwgIC},
	Year = {2003},
	Bdsk-Url-1 = {http://books.google.co.in/books?id=NuEHj0wPwgIC}}

@phdthesis{krebs_thesis,
	Author = {Andreas Krebs},
	Bibdate = {2012-04-18},
	Date-Added = {2016-10-20 09:49:46 +0000},
	Date-Modified = {2016-10-20 11:55:57 +0000},
	Pages = {1--111},
	School = {Eberhard Karls University of T{\"u}bingen},
	Title = {Typed semigroups, majority logic, and threshold circuits},
	Url = {http://tobias-lib.ub.uni-tuebingen.de/volltexte/2008/3624/; http://tobias-lib.ub.uni-tuebingen.de/volltexte/2008/3624/},
	Year = {2008},
	Bdsk-Url-1 = {http://tobias-lib.ub.uni-tuebingen.de/volltexte/2008/3624/;%20http://tobias-lib.ub.uni-tuebingen.de/volltexte/2008/3624/}}

@inproceedings{my_foplus,
	Author = {Andreas Krebs and A. V. Sreejith},
	Booktitle = {27th Annual {IEEE} Symposium on LICS},
	Date-Modified = {2016-11-08 12:06:20 +0000},
	Pages = {451--460},
	Title = {Non-definability of Languages by Generalized First-order Formulas over ({N}, +)},
	Year = {2012}}

@article{my_ltlmod,
	Author = {A. V. Sreejith},
	Journal = {Electr. Notes Theor. Comput. Sci.},
	Pages = {201--214},
	Title = {Expressive Completeness for {LTL} With Modulo Counting and Group Quantifiers},
	Volume = {278},
	Year = {2011}}

@inproceedings{my_ltlsuccinct,
	Author = {Kamal Lodaya and A. V. Sreejith},
	Booktitle = {Automated Technology for Verification and Analysis - 8th International Symposium, {ATVA}},
	Date-Modified = {2016-10-30 17:36:40 +0000},
	Pages = {245--258},
	Title = {{LTL} Can Be More Succinct},
	Year = {2010}}

@inproceedings{my_fomod,
	Author = {Kamal Lodaya and A. V. Sreejith},
	Booktitle = {4th Asian Logic Conference (ALC), 2014},
	Title = {Counting quantifiers and linear arithmetic on word models}}

@inproceedings{my_river,
	Author = {Gaurav. K and A V Sreejith and Devauchelle. O and Sinha. and R and Metivier. F},
	Date-Modified = {2016-11-04 12:44:34 +0000},
	Title = {(to be published) {R}emote sensing to estimate formative discharge of the Himalayan foreland rivers}}

@inproceedings{sch_po2FA,
	Address = {London, UK},
	Author = {Schwentick,, Thomas and Th\'{e}rien,, Denis and Vollmer,, Heribert},
	Booktitle = {DLT '01: Revised Papers from the 5th International Conference on Developments in Language Theory},
	Isbn = {3-540-43453-4},
	Pages = {239--250},
	Publisher = {Springer-Verlag},
	Title = {Partially-Ordered Two-Way Automata: A New Characterization of DA},
	Year = {2002}}

@article{petersen_decProbGenRegExp,
	Address = {London(Ontario)},
	Author = {Petersen,,Holger},
	Booktitle = {In Proceedings of the 2nd International Workshop on Desciptional Complexity of Automata, Grammars and Related Structures},
	Pages = {22 - 29},
	Title = {Decision problems for generalized regular expressions},
	Year = {2000}}

@phdthesis{kamp_tenseLgc,
	Author = {J.A.Kamp},
	Institute = {University of California,Los Angeles},
	Title = {Tense Logic and the Theory of Linear Order},
	Year = {1968}}

@article{barr_regNC1,
	Address = {Orlando, FL, USA},
	Author = {Barrington,, David A. Mix and Compton,, Kevin and Straubing,, Howard and Th\'{e}rien,, Denis},
	Doi = {http://dx.doi.org/10.1016/0022-0000(92)90014-A},
	Issn = {0022-0000},
	Journal = {J. Comput. Syst. Sci.},
	Number = {3},
	Pages = {478--499},
	Publisher = {Academic Press, Inc.},
	Title = {Regular languages in NC1},
	Volume = {44},
	Year = {1992},
	Bdsk-Url-1 = {http://dx.doi.org/10.1016/0022-0000(92)90014-A}}

@article{serre_vectLang,
	Address = {Essex, UK},
	Author = {Serre,, Olivier},
	Doi = {http://dx.doi.org/10.1016/S0304-3975(03)00346-3},
	Issn = {0304-3975},
	Journal = {Theor. Comput. Sci.},
	Number = {1-3},
	Pages = {79--116},
	Publisher = {Elsevier Science Publishers Ltd.},
	Title = {Vectorial languages and linear temporal logic},
	Volume = {310},
	Year = {2004},
	Bdsk-Url-1 = {http://dx.doi.org/10.1016/S0304-3975(03)00346-3}}

@article{straub_recSetFinMon,
	Author = {Howard Straubing},
	Journal = {Journal of Pure and Applied Algebra},
	Pages = {305--318},
	Title = {Families of recognizable sets corresponding to certain varieties of finite monoids},
	Volume = {15},
	Year = {1979}}

@phdthesis{fellah_thesis,
	Address = {Kent, OH, USA},
	Author = {Fellah, Abdelaziz},
	Order_No = {UMI Order No. GAX92-14661},
	Publisher = {Kent State University},
	Title = {Alternating finite automata and related problems},
	Year = {1992}}

@inproceedings{loding_afaInfWords,
	Address = {London, UK},
	Author = {L\"{o}ding, Christof and Thomas, Wolfgang},
	Booktitle = {TCS '00: Proceedings of the International Conference IFIP on Theoretical Computer Science, Exploring New Frontiers of Theoretical Informatics},
	Isbn = {3-540-67823-9},
	Pages = {521--535},
	Publisher = {Springer-Verlag},
	Title = {Alternating Automata and Logics over Infinite Words},
	Year = {2000}}

@article{bilardi_prefixCircuits,
	Address = {Philadelphia, PA, USA},
	Author = {Bilardi, G. and Preparata, F. P.},
	Doi = {http://dx.doi.org/10.1137/0219016},
	Issn = {0097-5397},
	Journal = {SIAM J. Comput.},
	Number = {2},
	Pages = {246--255},
	Publisher = {Society for Industrial and Applied Mathematics},
	Title = {Characterization of associative operations with prefix circuits of constant depth and linear size},
	Volume = {19},
	Year = {1990},
	Bdsk-Url-1 = {http://dx.doi.org/10.1137/0219016}}

@article{koucky_sepWiresGates,
	Address = {New York, NY, USA},
	Author = {Kouck\'{y}, Michal and Pudl\'{a}k, Pavel and Th\'{e}rien, Denis},
	Booktitle = {STOC '05: Proceedings of the thirty-seventh annual ACM symposium on Theory of computing},
	Doi = {http://doi.acm.org/10.1145/1060590.1060629},
	Isbn = {1-58113-960-8},
	Location = {Baltimore, MD, USA},
	Pages = {257--265},
	Publisher = {ACM},
	Title = {Bounded-depth circuits: separating wires from gates},
	Year = {2005},
	Bdsk-Url-1 = {http://doi.acm.org/10.1145/1060590.1060629}}

@inproceedings{thrn_fo2,
	Address = {New York, NY, USA},
	Author = {Th\'{e}rien, Denis and Wilke, Thomas},
	Booktitle = {STOC '98: Proceedings of the thirtieth annual ACM symposium on Theory of computing},
	Doi = {http://doi.acm.org/10.1145/276698.276749},
	Isbn = {0-89791-962-9},
	Location = {Dallas, Texas, United States},
	Pages = {234--240},
	Publisher = {ACM},
	Title = {Over words, two variables are as powerful as one quantifier alternation},
	Year = {1998},
	Bdsk-Url-1 = {http://doi.acm.org/10.1145/276698.276749}}
